[
  {
    "trade_id": 1222507,
    "time": 1777417560000,
    "size": 0.06,
    "price": 570025.70133989,
    "side": "buy",
    "id": "stub.BTC-USD-1222507",
    "_id": "stub.BTC-USD-1222507",
    "selector": "stub.BTC-USD",
    "_natural": 0
  },
  {
    "trade_id": 1222506,
    "time": 1777417500000,
    "size": 0.05,
    "price": 570029.24538536,
    "side": "sell",
    "id": "stub.BTC-USD-1222506",
    "_id": "stub.BTC-USD-1222506",
    "selector": "stub.BTC-USD",
    "_natural": 1
  },
  {
    "trade_id": 1222505,
    "time": 1777417440000,
    "size": 0.09,
    "price": 570033.30964513,
    "side": "buy",
    "id": "stub.BTC-USD-1222505",
    "_id": "stub.BTC-USD-1222505",
    "selector": "stub.BTC-USD",
    "_natural": 2
  },
  {
    "trade_id": 1222504,
    "time": 1777417380000,
    "size": 0.08,
    "price": 570037.87711149,
    "side": "sell",
    "id": "stub.BTC-USD-1222504",
    "_id": "stub.BTC-USD-1222504",
    "selector": "stub.BTC-USD",
    "_natural": 3
  },
  {
    "trade_id": 1222503,
    "time": 1777417320000,
    "size": 0.07,
    "price": 570042.92817904,
    "side": "buy",
    "id": "stub.BTC-USD-1222503",
    "_id": "stub.BTC-USD-1222503",
    "selector": "stub.BTC-USD",
    "_natural": 4
  },
  {
    "trade_id": 1222502,
    "time": 1777417260000,
    "size": 0.06,
    "price": 570048.44073754,
    "side": "sell",
    "id": "stub.BTC-USD-1222502",
    "_id": "stub.BTC-USD-1222502",
    "selector": "stub.BTC-USD",
    "_natural": 5
  },
  {
    "trade_id": 1222501,
    "time": 1777417200000,
    "size": 0.05,
    "price": 570054.39027763,
    "side": "buy",
    "id": "stub.BTC-USD-1222501",
    "_id": "stub.BTC-USD-1222501",
    "selector": "stub.BTC-USD",
    "_natural": 6
  },
  {
    "trade_id": 1222500,
    "time": 1777417140000,
    "size": 0.09,
    "price": 570060.75000877,
    "side": "sell",
    "id": "stub.BTC-USD-1222500",
    "_id": "stub.BTC-USD-1222500",
    "selector": "stub.BTC-USD",
    "_natural": 7
  },
  {
    "trade_id": 1222499,
    "time": 1777417080000,
    "size": 0.08,
    "price": 570067.49098898,
    "side": "buy",
    "id": "stub.BTC-USD-1222499",
    "_id": "stub.BTC-USD-1222499",
    "selector": "stub.BTC-USD",
    "_natural": 8
  },
  {
    "trade_id": 1222498,
    "time": 1777417020000,
    "size": 0.07,
    "price": 570074.58226549,
    "side": "sell",
    "id": "stub.BTC-USD-1222498",
    "_id": "stub.BTC-USD-1222498",
    "selector": "stub.BTC-USD",
    "_natural": 9
  },
  {
    "trade_id": 1222497,
    "time": 1777416960000,
    "size": 0.06,
    "price": 570081.99102584,
    "side": "buy",
    "id": "stub.BTC-USD-1222497",
    "_id": "stub.BTC-USD-1222497",
    "selector": "stub.BTC-USD",
    "_natural": 10
  },
  {
    "trade_id": 1222496,
    "time": 1777416900000,
    "size": 0.05,
    "price": 570089.68275851,
    "side": "sell",
    "id": "stub.BTC-USD-1222496",
    "_id": "stub.BTC-USD-1222496",
    "selector": "stub.BTC-USD",
    "_natural": 11
  },
  {
    "trade_id": 1222495,
    "time": 1777416840000,
    "size": 0.09,
    "price": 570097.62142227,
    "side": "buy",
    "id": "stub.BTC-USD-1222495",
    "_id": "stub.BTC-USD-1222495",
    "selector": "stub.BTC-USD",
    "_natural": 12
  },
  {
    "trade_id": 1222494,
    "time": 1777416780000,
    "size": 0.08,
    "price": 570105.76962348,
    "side": "sell",
    "id": "stub.BTC-USD-1222494",
    "_id": "stub.BTC-USD-1222494",
    "selector": "stub.BTC-USD",
    "_natural": 13
  },
  {
    "trade_id": 1222493,
    "time": 1777416720000,
    "size": 0.07,
    "price": 570114.08880042,
    "side": "buy",
    "id": "stub.BTC-USD-1222493",
    "_id": "stub.BTC-USD-1222493",
    "selector": "stub.BTC-USD",
    "_natural": 14
  },
  {
    "trade_id": 1222492,
    "time": 1777416660000,
    "size": 0.06,
    "price": 570122.53941361,
    "side": "sell",
    "id": "stub.BTC-USD-1222492",
    "_id": "stub.BTC-USD-1222492",
    "selector": "stub.BTC-USD",
    "_natural": 15
  },
  {
    "trade_id": 1222491,
    "time": 1777416600000,
    "size": 0.05,
    "price": 570131.08114135,
    "side": "buy",
    "id": "stub.BTC-USD-1222491",
    "_id": "stub.BTC-USD-1222491",
    "selector": "stub.BTC-USD",
    "_natural": 16
  },
  {
    "trade_id": 1222490,
    "time": 1777416540000,
    "size": 0.09,
    "price": 570139.67307928,
    "side": "sell",
    "id": "stub.BTC-USD-1222490",
    "_id": "stub.BTC-USD-1222490",
    "selector": "stub.BTC-USD",
    "_natural": 17
  },
  {
    "trade_id": 1222489,
    "time": 1777416480000,
    "size": 0.08,
    "price": 570148.27394313,
    "side": "buy",
    "id": "stub.BTC-USD-1222489",
    "_id": "stub.BTC-USD-1222489",
    "selector": "stub.BTC-USD",
    "_natural": 18
  },
  {
    "trade_id": 1222488,
    "time": 1777416420000,
    "size": 0.07,
    "price": 570156.84227351,
    "side": "sell",
    "id": "stub.BTC-USD-1222488",
    "_id": "stub.BTC-USD-1222488",
    "selector": "stub.BTC-USD",
    "_natural": 19
  },
  {
    "trade_id": 1222487,
    "time": 1777416360000,
    "size": 0.06,
    "price": 570165.33664176,
    "side": "buy",
    "id": "stub.BTC-USD-1222487",
    "_id": "stub.BTC-USD-1222487",
    "selector": "stub.BTC-USD",
    "_natural": 20
  },
  {
    "trade_id": 1222486,
    "time": 1777416300000,
    "size": 0.05,
    "price": 570173.71585582,
    "side": "sell",
    "id": "stub.BTC-USD-1222486",
    "_id": "stub.BTC-USD-1222486",
    "selector": "stub.BTC-USD",
    "_natural": 21
  },
  {
    "trade_id": 1222485,
    "time": 1777416240000,
    "size": 0.09,
    "price": 570181.93916501,
    "side": "buy",
    "id": "stub.BTC-USD-1222485",
    "_id": "stub.BTC-USD-1222485",
    "selector": "stub.BTC-USD",
    "_natural": 22
  },
  {
    "trade_id": 1222484,
    "time": 1777416180000,
    "size": 0.08,
    "price": 570189.96646282,
    "side": "sell",
    "id": "stub.BTC-USD-1222484",
    "_id": "stub.BTC-USD-1222484",
    "selector": "stub.BTC-USD",
    "_natural": 23
  },
  {
    "trade_id": 1222483,
    "time": 1777416120000,
    "size": 0.07,
    "price": 570197.75848651,
    "side": "buy",
    "id": "stub.BTC-USD-1222483",
    "_id": "stub.BTC-USD-1222483",
    "selector": "stub.BTC-USD",
    "_natural": 24
  },
  {
    "trade_id": 1222482,
    "time": 1777416060000,
    "size": 0.06,
    "price": 570205.2770126,
    "side": "sell",
    "id": "stub.BTC-USD-1222482",
    "_id": "stub.BTC-USD-1222482",
    "selector": "stub.BTC-USD",
    "_natural": 25
  },
  {
    "trade_id": 1222481,
    "time": 1777416000000,
    "size": 0.05,
    "price": 570212.48504734,
    "side": "buy",
    "id": "stub.BTC-USD-1222481",
    "_id": "stub.BTC-USD-1222481",
    "selector": "stub.BTC-USD",
    "_natural": 26
  },
  {
    "trade_id": 1222480,
    "time": 1777415940000,
    "size": 0.09,
    "price": 570219.34701099,
    "side": "sell",
    "id": "stub.BTC-USD-1222480",
    "_id": "stub.BTC-USD-1222480",
    "selector": "stub.BTC-USD",
    "_natural": 27
  },
  {
    "trade_id": 1222479,
    "time": 1777415880000,
    "size": 0.08,
    "price": 570225.82891514,
    "side": "buy",
    "id": "stub.BTC-USD-1222479",
    "_id": "stub.BTC-USD-1222479",
    "selector": "stub.BTC-USD",
    "_natural": 28
  },
  {
    "trade_id": 1222478,
    "time": 1777415820000,
    "size": 0.07,
    "price": 570231.89853216,
    "side": "sell",
    "id": "stub.BTC-USD-1222478",
    "_id": "stub.BTC-USD-1222478",
    "selector": "stub.BTC-USD",
    "_natural": 29
  },
  {
    "trade_id": 1222477,
    "time": 1777415760000,
    "size": 0.06,
    "price": 570237.5255558,
    "side": "buy",
    "id": "stub.BTC-USD-1222477",
    "_id": "stub.BTC-USD-1222477",
    "selector": "stub.BTC-USD",
    "_natural": 30
  },
  {
    "trade_id": 1222476,
    "time": 1777415700000,
    "size": 0.05,
    "price": 570242.68175227,
    "side": "sell",
    "id": "stub.BTC-USD-1222476",
    "_id": "stub.BTC-USD-1222476",
    "selector": "stub.BTC-USD",
    "_natural": 31
  },
  {
    "trade_id": 1222475,
    "time": 1777415640000,
    "size": 0.09,
    "price": 570247.34110095,
    "side": "buy",
    "id": "stub.BTC-USD-1222475",
    "_id": "stub.BTC-USD-1222475",
    "selector": "stub.BTC-USD",
    "_natural": 32
  },
  {
    "trade_id": 1222474,
    "time": 1777415580000,
    "size": 0.08,
    "price": 570251.47992404,
    "side": "sell",
    "id": "stub.BTC-USD-1222474",
    "_id": "stub.BTC-USD-1222474",
    "selector": "stub.BTC-USD",
    "_natural": 33
  },
  {
    "trade_id": 1222473,
    "time": 1777415520000,
    "size": 0.07,
    "price": 570255.07700445,
    "side": "buy",
    "id": "stub.BTC-USD-1222473",
    "_id": "stub.BTC-USD-1222473",
    "selector": "stub.BTC-USD",
    "_natural": 34
  },
  {
    "trade_id": 1222472,
    "time": 1777415460000,
    "size": 0.06,
    "price": 570258.11369146,
    "side": "sell",
    "id": "stub.BTC-USD-1222472",
    "_id": "stub.BTC-USD-1222472",
    "selector": "stub.BTC-USD",
    "_natural": 35
  },
  {
    "trade_id": 1222471,
    "time": 1777415400000,
    "size": 0.05,
    "price": 570260.57399342,
    "side": "buy",
    "id": "stub.BTC-USD-1222471",
    "_id": "stub.BTC-USD-1222471",
    "selector": "stub.BTC-USD",
    "_natural": 36
  },
  {
    "trade_id": 1222470,
    "time": 1777415340000,
    "size": 0.09,
    "price": 570262.44465723,
    "side": "sell",
    "id": "stub.BTC-USD-1222470",
    "_id": "stub.BTC-USD-1222470",
    "selector": "stub.BTC-USD",
    "_natural": 37
  },
  {
    "trade_id": 1222469,
    "time": 1777415280000,
    "size": 0.08,
    "price": 570263.71523399,
    "side": "buy",
    "id": "stub.BTC-USD-1222469",
    "_id": "stub.BTC-USD-1222469",
    "selector": "stub.BTC-USD",
    "_natural": 38
  },
  {
    "trade_id": 1222468,
    "time": 1777415220000,
    "size": 0.07,
    "price": 570264.37813067,
    "side": "sell",
    "id": "stub.BTC-USD-1222468",
    "_id": "stub.BTC-USD-1222468",
    "selector": "stub.BTC-USD",
    "_natural": 39
  },
  {
    "trade_id": 1222467,
    "time": 1777415160000,
    "size": 0.06,
    "price": 570264.42864742,
    "side": "buy",
    "id": "stub.BTC-USD-1222467",
    "_id": "stub.BTC-USD-1222467",
    "selector": "stub.BTC-USD",
    "_natural": 40
  },
  {
    "trade_id": 1222466,
    "time": 1777415100000,
    "size": 0.05,
    "price": 570263.86500037,
    "side": "sell",
    "id": "stub.BTC-USD-1222466",
    "_id": "stub.BTC-USD-1222466",
    "selector": "stub.BTC-USD",
    "_natural": 41
  },
  {
    "trade_id": 1222465,
    "time": 1777415040000,
    "size": 0.09,
    "price": 570262.68832984,
    "side": "buy",
    "id": "stub.BTC-USD-1222465",
    "_id": "stub.BTC-USD-1222465",
    "selector": "stub.BTC-USD",
    "_natural": 42
  },
  {
    "trade_id": 1222464,
    "time": 1777414980000,
    "size": 0.08,
    "price": 570260.90269381,
    "side": "sell",
    "id": "stub.BTC-USD-1222464",
    "_id": "stub.BTC-USD-1222464",
    "selector": "stub.BTC-USD",
    "_natural": 43
  },
  {
    "trade_id": 1222463,
    "time": 1777414920000,
    "size": 0.07,
    "price": 570258.51504687,
    "side": "buy",
    "id": "stub.BTC-USD-1222463",
    "_id": "stub.BTC-USD-1222463",
    "selector": "stub.BTC-USD",
    "_natural": 44
  },
  {
    "trade_id": 1222462,
    "time": 1777414860000,
    "size": 0.06,
    "price": 570255.53520453,
    "side": "sell",
    "id": "stub.BTC-USD-1222462",
    "_id": "stub.BTC-USD-1222462",
    "selector": "stub.BTC-USD",
    "_natural": 45
  },
  {
    "trade_id": 1222461,
    "time": 1777414800000,
    "size": 0.05,
    "price": 570251.97579326,
    "side": "buy",
    "id": "stub.BTC-USD-1222461",
    "_id": "stub.BTC-USD-1222461",
    "selector": "stub.BTC-USD",
    "_natural": 46
  },
  {
    "trade_id": 1222460,
    "time": 1777414740000,
    "size": 0.09,
    "price": 570247.85218642,
    "side": "sell",
    "id": "stub.BTC-USD-1222460",
    "_id": "stub.BTC-USD-1222460",
    "selector": "stub.BTC-USD",
    "_natural": 47
  },
  {
    "trade_id": 1222459,
    "time": 1777414680000,
    "size": 0.08,
    "price": 570243.18242646,
    "side": "buy",
    "id": "stub.BTC-USD-1222459",
    "_id": "stub.BTC-USD-1222459",
    "selector": "stub.BTC-USD",
    "_natural": 48
  },
  {
    "trade_id": 1222458,
    "time": 1777414620000,
    "size": 0.07,
    "price": 570237.98713367,
    "side": "sell",
    "id": "stub.BTC-USD-1222458",
    "_id": "stub.BTC-USD-1222458",
    "selector": "stub.BTC-USD",
    "_natural": 49
  },
  {
    "trade_id": 1222457,
    "time": 1777414560000,
    "size": 0.06,
    "price": 570232.28940216,
    "side": "buy",
    "id": "stub.BTC-USD-1222457",
    "_id": "stub.BTC-USD-1222457",
    "selector": "stub.BTC-USD",
    "_natural": 50
  },
  {
    "trade_id": 1222456,
    "time": 1777414500000,
    "size": 0.05,
    "price": 570226.11468334,
    "side": "sell",
    "id": "stub.BTC-USD-1222456",
    "_id": "stub.BTC-USD-1222456",
    "selector": "stub.BTC-USD",
    "_natural": 51
  },
  {
    "trade_id": 1222455,
    "time": 1777414440000,
    "size": 0.09,
    "price": 570219.49065772,
    "side": "buy",
    "id": "stub.BTC-USD-1222455",
    "_id": "stub.BTC-USD-1222455",
    "selector": "stub.BTC-USD",
    "_natural": 52
  },
  {
    "trade_id": 1222454,
    "time": 1777414380000,
    "size": 0.08,
    "price": 570212.4470955,
    "side": "sell",
    "id": "stub.BTC-USD-1222454",
    "_id": "stub.BTC-USD-1222454",
    "selector": "stub.BTC-USD",
    "_natural": 53
  },
  {
    "trade_id": 1222453,
    "time": 1777414320000,
    "size": 0.07,
    "price": 570205.01570686,
    "side": "buy",
    "id": "stub.BTC-USD-1222453",
    "_id": "stub.BTC-USD-1222453",
    "selector": "stub.BTC-USD",
    "_natural": 54
  },
  {
    "trade_id": 1222452,
    "time": 1777414260000,
    "size": 0.06,
    "price": 570197.22998243,
    "side": "sell",
    "id": "stub.BTC-USD-1222452",
    "_id": "stub.BTC-USD-1222452",
    "selector": "stub.BTC-USD",
    "_natural": 55
  },
  {
    "trade_id": 1222451,
    "time": 1777414200000,
    "size": 0.05,
    "price": 570189.12502508,
    "side": "buy",
    "id": "stub.BTC-USD-1222451",
    "_id": "stub.BTC-USD-1222451",
    "selector": "stub.BTC-USD",
    "_natural": 56
  },
  {
    "trade_id": 1222450,
    "time": 1777414140000,
    "size": 0.09,
    "price": 570180.7373736,
    "side": "sell",
    "id": "stub.BTC-USD-1222450",
    "_id": "stub.BTC-USD-1222450",
    "selector": "stub.BTC-USD",
    "_natural": 57
  },
  {
    "trade_id": 1222449,
    "time": 1777414080000,
    "size": 0.08,
    "price": 570172.10481935,
    "side": "buy",
    "id": "stub.BTC-USD-1222449",
    "_id": "stub.BTC-USD-1222449",
    "selector": "stub.BTC-USD",
    "_natural": 58
  },
  {
    "trade_id": 1222448,
    "time": 1777414020000,
    "size": 0.07,
    "price": 570163.2662167,
    "side": "sell",
    "id": "stub.BTC-USD-1222448",
    "_id": "stub.BTC-USD-1222448",
    "selector": "stub.BTC-USD",
    "_natural": 59
  },
  {
    "trade_id": 1222447,
    "time": 1777413960000,
    "size": 0.06,
    "price": 570154.26128836,
    "side": "buy",
    "id": "stub.BTC-USD-1222447",
    "_id": "stub.BTC-USD-1222447",
    "selector": "stub.BTC-USD",
    "_natural": 60
  },
  {
    "trade_id": 1222446,
    "time": 1777413900000,
    "size": 0.05,
    "price": 570145.13042635,
    "side": "sell",
    "id": "stub.BTC-USD-1222446",
    "_id": "stub.BTC-USD-1222446",
    "selector": "stub.BTC-USD",
    "_natural": 61
  },
  {
    "trade_id": 1222445,
    "time": 1777413840000,
    "size": 0.09,
    "price": 570135.91448993,
    "side": "buy",
    "id": "stub.BTC-USD-1222445",
    "_id": "stub.BTC-USD-1222445",
    "selector": "stub.BTC-USD",
    "_natural": 62
  },
  {
    "trade_id": 1222444,
    "time": 1777413780000,
    "size": 0.08,
    "price": 570126.65460122,
    "side": "sell",
    "id": "stub.BTC-USD-1222444",
    "_id": "stub.BTC-USD-1222444",
    "selector": "stub.BTC-USD",
    "_natural": 63
  },
  {
    "trade_id": 1222443,
    "time": 1777413720000,
    "size": 0.07,
    "price": 570117.39193978,
    "side": "buy",
    "id": "stub.BTC-USD-1222443",
    "_id": "stub.BTC-USD-1222443",
    "selector": "stub.BTC-USD",
    "_natural": 64
  },
  {
    "trade_id": 1222442,
    "time": 1777413660000,
    "size": 0.06,
    "price": 570108.16753705,
    "side": "sell",
    "id": "stub.BTC-USD-1222442",
    "_id": "stub.BTC-USD-1222442",
    "selector": "stub.BTC-USD",
    "_natural": 65
  },
  {
    "trade_id": 1222441,
    "time": 1777413600000,
    "size": 0.05,
    "price": 570099.02207174,
    "side": "buy",
    "id": "stub.BTC-USD-1222441",
    "_id": "stub.BTC-USD-1222441",
    "selector": "stub.BTC-USD",
    "_natural": 66
  },
  {
    "trade_id": 1222440,
    "time": 1777413540000,
    "size": 0.09,
    "price": 570089.99566722,
    "side": "sell",
    "id": "stub.BTC-USD-1222440",
    "_id": "stub.BTC-USD-1222440",
    "selector": "stub.BTC-USD",
    "_natural": 67
  },
  {
    "trade_id": 1222439,
    "time": 1777413480000,
    "size": 0.08,
    "price": 570081.1276919,
    "side": "buy",
    "id": "stub.BTC-USD-1222439",
    "_id": "stub.BTC-USD-1222439",
    "selector": "stub.BTC-USD",
    "_natural": 68
  },
  {
    "trade_id": 1222438,
    "time": 1777413420000,
    "size": 0.07,
    "price": 570072.45656367,
    "side": "sell",
    "id": "stub.BTC-USD-1222438",
    "_id": "stub.BTC-USD-1222438",
    "selector": "stub.BTC-USD",
    "_natural": 69
  },
  {
    "trade_id": 1222437,
    "time": 1777413360000,
    "size": 0.06,
    "price": 570064.01955934,
    "side": "buy",
    "id": "stub.BTC-USD-1222437",
    "_id": "stub.BTC-USD-1222437",
    "selector": "stub.BTC-USD",
    "_natural": 70
  },
  {
    "trade_id": 1222436,
    "time": 1777413300000,
    "size": 0.05,
    "price": 570055.85263005,
    "side": "sell",
    "id": "stub.BTC-USD-1222436",
    "_id": "stub.BTC-USD-1222436",
    "selector": "stub.BTC-USD",
    "_natural": 71
  },
  {
    "trade_id": 1222435,
    "time": 1777413240000,
    "size": 0.09,
    "price": 570047.9902236,
    "side": "buy",
    "id": "stub.BTC-USD-1222435",
    "_id": "stub.BTC-USD-1222435",
    "selector": "stub.BTC-USD",
    "_natural": 72
  },
  {
    "trade_id": 1222434,
    "time": 1777413180000,
    "size": 0.08,
    "price": 570040.46511464,
    "side": "sell",
    "id": "stub.BTC-USD-1222434",
    "_id": "stub.BTC-USD-1222434",
    "selector": "stub.BTC-USD",
    "_natural": 73
  },
  {
    "trade_id": 1222433,
    "time": 1777413120000,
    "size": 0.07,
    "price": 570033.30824345,
    "side": "buy",
    "id": "stub.BTC-USD-1222433",
    "_id": "stub.BTC-USD-1222433",
    "selector": "stub.BTC-USD",
    "_natural": 74
  },
  {
    "trade_id": 1222432,
    "time": 1777413060000,
    "size": 0.06,
    "price": 570026.54856433,
    "side": "sell",
    "id": "stub.BTC-USD-1222432",
    "_id": "stub.BTC-USD-1222432",
    "selector": "stub.BTC-USD",
    "_natural": 75
  },
  {
    "trade_id": 1222431,
    "time": 1777413000000,
    "size": 0.05,
    "price": 570020.2129041,
    "side": "buy",
    "id": "stub.BTC-USD-1222431",
    "_id": "stub.BTC-USD-1222431",
    "selector": "stub.BTC-USD",
    "_natural": 76
  },
  {
    "trade_id": 1222430,
    "time": 1777412940000,
    "size": 0.09,
    "price": 570014.32583171,
    "side": "sell",
    "id": "stub.BTC-USD-1222430",
    "_id": "stub.BTC-USD-1222430",
    "selector": "stub.BTC-USD",
    "_natural": 77
  },
  {
    "trade_id": 1222429,
    "time": 1777412880000,
    "size": 0.08,
    "price": 570008.90953941,
    "side": "buy",
    "id": "stub.BTC-USD-1222429",
    "_id": "stub.BTC-USD-1222429",
    "selector": "stub.BTC-USD",
    "_natural": 78
  },
  {
    "trade_id": 1222428,
    "time": 1777412820000,
    "size": 0.07,
    "price": 570003.98373611,
    "side": "sell",
    "id": "stub.BTC-USD-1222428",
    "_id": "stub.BTC-USD-1222428",
    "selector": "stub.BTC-USD",
    "_natural": 79
  },
  {
    "trade_id": 1222427,
    "time": 1777412760000,
    "size": 0.06,
    "price": 569999.56555361,
    "side": "buy",
    "id": "stub.BTC-USD-1222427",
    "_id": "stub.BTC-USD-1222427",
    "selector": "stub.BTC-USD",
    "_natural": 80
  },
  {
    "trade_id": 1222426,
    "time": 1777412700000,
    "size": 0.05,
    "price": 569995.66946595,
    "side": "sell",
    "id": "stub.BTC-USD-1222426",
    "_id": "stub.BTC-USD-1222426",
    "selector": "stub.BTC-USD",
    "_natural": 81
  },
  {
    "trade_id": 1222425,
    "time": 1777412640000,
    "size": 0.09,
    "price": 569992.30722246,
    "side": "buy",
    "id": "stub.BTC-USD-1222425",
    "_id": "stub.BTC-USD-1222425",
    "selector": "stub.BTC-USD",
    "_natural": 82
  },
  {
    "trade_id": 1222424,
    "time": 1777412580000,
    "size": 0.08,
    "price": 569989.4877948,
    "side": "sell",
    "id": "stub.BTC-USD-1222424",
    "_id": "stub.BTC-USD-1222424",
    "selector": "stub.BTC-USD",
    "_natural": 83
  },
  {
    "trade_id": 1222423,
    "time": 1777412520000,
    "size": 0.07,
    "price": 569987.21733814,
    "side": "buy",
    "id": "stub.BTC-USD-1222423",
    "_id": "stub.BTC-USD-1222423",
    "selector": "stub.BTC-USD",
    "_natural": 84
  },
  {
    "trade_id": 1222422,
    "time": 1777412460000,
    "size": 0.06,
    "price": 569985.49916685,
    "side": "sell",
    "id": "stub.BTC-USD-1222422",
    "_id": "stub.BTC-USD-1222422",
    "selector": "stub.BTC-USD",
    "_natural": 85
  },
  {
    "trade_id": 1222421,
    "time": 1777412400000,
    "size": 0.05,
    "price": 569984.33374471,
    "side": "buy",
    "id": "stub.BTC-USD-1222421",
    "_id": "stub.BTC-USD-1222421",
    "selector": "stub.BTC-USD",
    "_natural": 86
  },
  {
    "trade_id": 1222420,
    "time": 1777412340000,
    "size": 0.09,
    "price": 569983.71868965,
    "side": "sell",
    "id": "stub.BTC-USD-1222420",
    "_id": "stub.BTC-USD-1222420",
    "selector": "stub.BTC-USD",
    "_natural": 87
  },
  {
    "trade_id": 1222419,
    "time": 1777412280000,
    "size": 0.08,
    "price": 569983.64879308,
    "side": "buy",
    "id": "stub.BTC-USD-1222419",
    "_id": "stub.BTC-USD-1222419",
    "selector": "stub.BTC-USD",
    "_natural": 88
  },
  {
    "trade_id": 1222418,
    "time": 1777412220000,
    "size": 0.07,
    "price": 569984.11605366,
    "side": "sell",
    "id": "stub.BTC-USD-1222418",
    "_id": "stub.BTC-USD-1222418",
    "selector": "stub.BTC-USD",
    "_natural": 89
  },
  {
    "trade_id": 1222417,
    "time": 1777412160000,
    "size": 0.06,
    "price": 569985.10972529,
    "side": "buy",
    "id": "stub.BTC-USD-1222417",
    "_id": "stub.BTC-USD-1222417",
    "selector": "stub.BTC-USD",
    "_natural": 90
  },
  {
    "trade_id": 1222416,
    "time": 1777412100000,
    "size": 0.05,
    "price": 569986.61637916,
    "side": "sell",
    "id": "stub.BTC-USD-1222416",
    "_id": "stub.BTC-USD-1222416",
    "selector": "stub.BTC-USD",
    "_natural": 91
  },
  {
    "trade_id": 1222415,
    "time": 1777412040000,
    "size": 0.09,
    "price": 569988.61997942,
    "side": "buy",
    "id": "stub.BTC-USD-1222415",
    "_id": "stub.BTC-USD-1222415",
    "selector": "stub.BTC-USD",
    "_natural": 92
  },
  {
    "trade_id": 1222414,
    "time": 1777411980000,
    "size": 0.08,
    "price": 569991.10197216,
    "side": "sell",
    "id": "stub.BTC-USD-1222414",
    "_id": "stub.BTC-USD-1222414",
    "selector": "stub.BTC-USD",
    "_natural": 93
  },
  {
    "trade_id": 1222413,
    "time": 1777411920000,
    "size": 0.07,
    "price": 569994.04138725,
    "side": "buy",
    "id": "stub.BTC-USD-1222413",
    "_id": "stub.BTC-USD-1222413",
    "selector": "stub.BTC-USD",
    "_natural": 94
  },
  {
    "trade_id": 1222412,
    "time": 1777411860000,
    "size": 0.06,
    "price": 569997.41495239,
    "side": "sell",
    "id": "stub.BTC-USD-1222412",
    "_id": "stub.BTC-USD-1222412",
    "selector": "stub.BTC-USD",
    "_natural": 95
  },
  {
    "trade_id": 1222411,
    "time": 1777411800000,
    "size": 0.05,
    "price": 570001.19721897,
    "side": "buy",
    "id": "stub.BTC-USD-1222411",
    "_id": "stub.BTC-USD-1222411",
    "selector": "stub.BTC-USD",
    "_natural": 96
  },
  {
    "trade_id": 1222410,
    "time": 1777411740000,
    "size": 0.09,
    "price": 570005.36069887,
    "side": "sell",
    "id": "stub.BTC-USD-1222410",
    "_id": "stub.BTC-USD-1222410",
    "selector": "stub.BTC-USD",
    "_natural": 97
  },
  {
    "trade_id": 1222409,
    "time": 1777411680000,
    "size": 0.08,
    "price": 570009.87601172,
    "side": "buy",
    "id": "stub.BTC-USD-1222409",
    "_id": "stub.BTC-USD-1222409",
    "selector": "stub.BTC-USD",
    "_natural": 98
  },
  {
    "trade_id": 1222408,
    "time": 1777411620000,
    "size": 0.07,
    "price": 570014.71204163,
    "side": "sell",
    "id": "stub.BTC-USD-1222408",
    "_id": "stub.BTC-USD-1222408",
    "selector": "stub.BTC-USD",
    "_natural": 99
  },
  {
    "trade_id": 1222407,
    "time": 1777411560000,
    "size": 0.06,
    "price": 570019.83610283,
    "side": "buy",
    "id": "stub.BTC-USD-1222407",
    "_id": "stub.BTC-USD-1222407",
    "selector": "stub.BTC-USD",
    "_natural": 100
  },
  {
    "trade_id": 1222406,
    "time": 1777411500000,
    "size": 0.05,
    "price": 570025.21411315,
    "side": "sell",
    "id": "stub.BTC-USD-1222406",
    "_id": "stub.BTC-USD-1222406",
    "selector": "stub.BTC-USD",
    "_natural": 101
  },
  {
    "trade_id": 1222405,
    "time": 1777411440000,
    "size": 0.09,
    "price": 570030.81077453,
    "side": "buy",
    "id": "stub.BTC-USD-1222405",
    "_id": "stub.BTC-USD-1222405",
    "selector": "stub.BTC-USD",
    "_natural": 102
  },
  {
    "trade_id": 1222404,
    "time": 1777411380000,
    "size": 0.08,
    "price": 570036.5897597,
    "side": "sell",
    "id": "stub.BTC-USD-1222404",
    "_id": "stub.BTC-USD-1222404",
    "selector": "stub.BTC-USD",
    "_natural": 103
  },
  {
    "trade_id": 1222403,
    "time": 1777411320000,
    "size": 0.07,
    "price": 570042.51390397,
    "side": "buy",
    "id": "stub.BTC-USD-1222403",
    "_id": "stub.BTC-USD-1222403",
    "selector": "stub.BTC-USD",
    "_natural": 104
  },
  {
    "trade_id": 1222402,
    "time": 1777411260000,
    "size": 0.06,
    "price": 570048.54540115,
    "side": "sell",
    "id": "stub.BTC-USD-1222402",
    "_id": "stub.BTC-USD-1222402",
    "selector": "stub.BTC-USD",
    "_natural": 105
  },
  {
    "trade_id": 1222401,
    "time": 1777411200000,
    "size": 0.05,
    "price": 570054.6460027,
    "side": "buy",
    "id": "stub.BTC-USD-1222401",
    "_id": "stub.BTC-USD-1222401",
    "selector": "stub.BTC-USD",
    "_natural": 106
  },
  {
    "trade_id": 1222400,
    "time": 1777411140000,
    "size": 0.09,
    "price": 570060.77721895,
    "side": "sell",
    "id": "stub.BTC-USD-1222400",
    "_id": "stub.BTC-USD-1222400",
    "selector": "stub.BTC-USD",
    "_natural": 107
  },
  {
    "trade_id": 1222399,
    "time": 1777411080000,
    "size": 0.08,
    "price": 570066.90052141,
    "side": "buy",
    "id": "stub.BTC-USD-1222399",
    "_id": "stub.BTC-USD-1222399",
    "selector": "stub.BTC-USD",
    "_natural": 108
  },
  {
    "trade_id": 1222398,
    "time": 1777411020000,
    "size": 0.07,
    "price": 570072.9775452,
    "side": "sell",
    "id": "stub.BTC-USD-1222398",
    "_id": "stub.BTC-USD-1222398",
    "selector": "stub.BTC-USD",
    "_natural": 109
  },
  {
    "trade_id": 1222397,
    "time": 1777410960000,
    "size": 0.06,
    "price": 570078.97029047,
    "side": "buy",
    "id": "stub.BTC-USD-1222397",
    "_id": "stub.BTC-USD-1222397",
    "selector": "stub.BTC-USD",
    "_natural": 110
  },
  {
    "trade_id": 1222396,
    "time": 1777410900000,
    "size": 0.05,
    "price": 570084.84132173,
    "side": "sell",
    "id": "stub.BTC-USD-1222396",
    "_id": "stub.BTC-USD-1222396",
    "selector": "stub.BTC-USD",
    "_natural": 111
  },
  {
    "trade_id": 1222395,
    "time": 1777410840000,
    "size": 0.09,
    "price": 570090.55396429,
    "side": "buy",
    "id": "stub.BTC-USD-1222395",
    "_id": "stub.BTC-USD-1222395",
    "selector": "stub.BTC-USD",
    "_natural": 112
  },
  {
    "trade_id": 1222394,
    "time": 1777410780000,
    "size": 0.08,
    "price": 570096.07249654,
    "side": "sell",
    "id": "stub.BTC-USD-1222394",
    "_id": "stub.BTC-USD-1222394",
    "selector": "stub.BTC-USD",
    "_natural": 113
  },
  {
    "trade_id": 1222393,
    "time": 1777410720000,
    "size": 0.07,
    "price": 570101.36233721,
    "side": "buy",
    "id": "stub.BTC-USD-1222393",
    "_id": "stub.BTC-USD-1222393",
    "selector": "stub.BTC-USD",
    "_natural": 114
  },
  {
    "trade_id": 1222392,
    "time": 1777410660000,
    "size": 0.06,
    "price": 570106.39022669,
    "side": "sell",
    "id": "stub.BTC-USD-1222392",
    "_id": "stub.BTC-USD-1222392",
    "selector": "stub.BTC-USD",
    "_natural": 115
  },
  {
    "trade_id": 1222391,
    "time": 1777410600000,
    "size": 0.05,
    "price": 570111.12440137,
    "side": "buy",
    "id": "stub.BTC-USD-1222391",
    "_id": "stub.BTC-USD-1222391",
    "selector": "stub.BTC-USD",
    "_natural": 116
  },
  {
    "trade_id": 1222390,
    "time": 1777410540000,
    "size": 0.09,
    "price": 570115.53476018,
    "side": "sell",
    "id": "stub.BTC-USD-1222390",
    "_id": "stub.BTC-USD-1222390",
    "selector": "stub.BTC-USD",
    "_natural": 117
  },
  {
    "trade_id": 1222389,
    "time": 1777410480000,
    "size": 0.08,
    "price": 570119.59302246,
    "side": "buy",
    "id": "stub.BTC-USD-1222389",
    "_id": "stub.BTC-USD-1222389",
    "selector": "stub.BTC-USD",
    "_natural": 118
  },
  {
    "trade_id": 1222388,
    "time": 1777410420000,
    "size": 0.07,
    "price": 570123.27287636,
    "side": "sell",
    "id": "stub.BTC-USD-1222388",
    "_id": "stub.BTC-USD-1222388",
    "selector": "stub.BTC-USD",
    "_natural": 119
  },
  {
    "trade_id": 1222387,
    "time": 1777410360000,
    "size": 0.06,
    "price": 570126.55011693,
    "side": "buy",
    "id": "stub.BTC-USD-1222387",
    "_id": "stub.BTC-USD-1222387",
    "selector": "stub.BTC-USD",
    "_natural": 120
  },
  {
    "trade_id": 1222386,
    "time": 1777410300000,
    "size": 0.05,
    "price": 570129.40277336,
    "side": "sell",
    "id": "stub.BTC-USD-1222386",
    "_id": "stub.BTC-USD-1222386",
    "selector": "stub.BTC-USD",
    "_natural": 121
  },
  {
    "trade_id": 1222385,
    "time": 1777410240000,
    "size": 0.09,
    "price": 570131.81122448,
    "side": "buy",
    "id": "stub.BTC-USD-1222385",
    "_id": "stub.BTC-USD-1222385",
    "selector": "stub.BTC-USD",
    "_natural": 122
  },
  {
    "trade_id": 1222384,
    "time": 1777410180000,
    "size": 0.08,
    "price": 570133.75830218,
    "side": "sell",
    "id": "stub.BTC-USD-1222384",
    "_id": "stub.BTC-USD-1222384",
    "selector": "stub.BTC-USD",
    "_natural": 123
  },
  {
    "trade_id": 1222383,
    "time": 1777410120000,
    "size": 0.07,
    "price": 570135.22938205,
    "side": "buy",
    "id": "stub.BTC-USD-1222383",
    "_id": "stub.BTC-USD-1222383",
    "selector": "stub.BTC-USD",
    "_natural": 124
  },
  {
    "trade_id": 1222382,
    "time": 1777410060000,
    "size": 0.06,
    "price": 570136.21246076,
    "side": "sell",
    "id": "stub.BTC-USD-1222382",
    "_id": "stub.BTC-USD-1222382",
    "selector": "stub.BTC-USD",
    "_natural": 125
  },
  {
    "trade_id": 1222381,
    "time": 1777410000000,
    "size": 0.05,
    "price": 570136.69821996,
    "side": "buy",
    "id": "stub.BTC-USD-1222381",
    "_id": "stub.BTC-USD-1222381",
    "selector": "stub.BTC-USD",
    "_natural": 126
  },
  {
    "trade_id": 1222380,
    "time": 1777409940000,
    "size": 0.09,
    "price": 570136.68007616,
    "side": "sell",
    "id": "stub.BTC-USD-1222380",
    "_id": "stub.BTC-USD-1222380",
    "selector": "stub.BTC-USD",
    "_natural": 127
  },
  {
    "trade_id": 1222379,
    "time": 1777409880000,
    "size": 0.08,
    "price": 570136.15421645,
    "side": "buy",
    "id": "stub.BTC-USD-1222379",
    "_id": "stub.BTC-USD-1222379",
    "selector": "stub.BTC-USD",
    "_natural": 128
  },
  {
    "trade_id": 1222378,
    "time": 1777409820000,
    "size": 0.07,
    "price": 570135.1196199,
    "side": "sell",
    "id": "stub.BTC-USD-1222378",
    "_id": "stub.BTC-USD-1222378",
    "selector": "stub.BTC-USD",
    "_natural": 129
  },
  {
    "trade_id": 1222377,
    "time": 1777409760000,
    "size": 0.06,
    "price": 570133.5780644,
    "side": "buy",
    "id": "stub.BTC-USD-1222377",
    "_id": "stub.BTC-USD-1222377",
    "selector": "stub.BTC-USD",
    "_natural": 130
  },
  {
    "trade_id": 1222376,
    "time": 1777409700000,
    "size": 0.05,
    "price": 570131.53411904,
    "side": "sell",
    "id": "stub.BTC-USD-1222376",
    "_id": "stub.BTC-USD-1222376",
    "selector": "stub.BTC-USD",
    "_natural": 131
  },
  {
    "trade_id": 1222375,
    "time": 1777409640000,
    "size": 0.09,
    "price": 570128.99512198,
    "side": "buy",
    "id": "stub.BTC-USD-1222375",
    "_id": "stub.BTC-USD-1222375",
    "selector": "stub.BTC-USD",
    "_natural": 132
  },
  {
    "trade_id": 1222374,
    "time": 1777409580000,
    "size": 0.08,
    "price": 570125.97114401,
    "side": "sell",
    "id": "stub.BTC-USD-1222374",
    "_id": "stub.BTC-USD-1222374",
    "selector": "stub.BTC-USD",
    "_natural": 133
  },
  {
    "trade_id": 1222373,
    "time": 1777409520000,
    "size": 0.07,
    "price": 570122.47493783,
    "side": "buy",
    "id": "stub.BTC-USD-1222373",
    "_id": "stub.BTC-USD-1222373",
    "selector": "stub.BTC-USD",
    "_natural": 134
  },
  {
    "trade_id": 1222372,
    "time": 1777409460000,
    "size": 0.06,
    "price": 570118.52187348,
    "side": "sell",
    "id": "stub.BTC-USD-1222372",
    "_id": "stub.BTC-USD-1222372",
    "selector": "stub.BTC-USD",
    "_natural": 135
  },
  {
    "trade_id": 1222371,
    "time": 1777409400000,
    "size": 0.05,
    "price": 570114.12986017,
    "side": "buy",
    "id": "stub.BTC-USD-1222371",
    "_id": "stub.BTC-USD-1222371",
    "selector": "stub.BTC-USD",
    "_natural": 136
  },
  {
    "trade_id": 1222370,
    "time": 1777409340000,
    "size": 0.09,
    "price": 570109.31925486,
    "side": "sell",
    "id": "stub.BTC-USD-1222370",
    "_id": "stub.BTC-USD-1222370",
    "selector": "stub.BTC-USD",
    "_natural": 137
  },
  {
    "trade_id": 1222369,
    "time": 1777409280000,
    "size": 0.08,
    "price": 570104.11275815,
    "side": "buy",
    "id": "stub.BTC-USD-1222369",
    "_id": "stub.BTC-USD-1222369",
    "selector": "stub.BTC-USD",
    "_natural": 138
  },
  {
    "trade_id": 1222368,
    "time": 1777409220000,
    "size": 0.07,
    "price": 570098.53529799,
    "side": "sell",
    "id": "stub.BTC-USD-1222368",
    "_id": "stub.BTC-USD-1222368",
    "selector": "stub.BTC-USD",
    "_natural": 139
  },
  {
    "trade_id": 1222367,
    "time": 1777409160000,
    "size": 0.06,
    "price": 570092.61390172,
    "side": "buy",
    "id": "stub.BTC-USD-1222367",
    "_id": "stub.BTC-USD-1222367",
    "selector": "stub.BTC-USD",
    "_natural": 140
  },
  {
    "trade_id": 1222366,
    "time": 1777409100000,
    "size": 0.05,
    "price": 570086.37755717,
    "side": "sell",
    "id": "stub.BTC-USD-1222366",
    "_id": "stub.BTC-USD-1222366",
    "selector": "stub.BTC-USD",
    "_natural": 141
  },
  {
    "trade_id": 1222365,
    "time": 1777409040000,
    "size": 0.09,
    "price": 570079.85706362,
    "side": "buy",
    "id": "stub.BTC-USD-1222365",
    "_id": "stub.BTC-USD-1222365",
    "selector": "stub.BTC-USD",
    "_natural": 142
  },
  {
    "trade_id": 1222364,
    "time": 1777408980000,
    "size": 0.08,
    "price": 570073.0848731,
    "side": "sell",
    "id": "stub.BTC-USD-1222364",
    "_id": "stub.BTC-USD-1222364",
    "selector": "stub.BTC-USD",
    "_natural": 143
  },
  {
    "trade_id": 1222363,
    "time": 1777408920000,
    "size": 0.07,
    "price": 570066.09492317,
    "side": "buy",
    "id": "stub.BTC-USD-1222363",
    "_id": "stub.BTC-USD-1222363",
    "selector": "stub.BTC-USD",
    "_natural": 144
  },
  {
    "trade_id": 1222362,
    "time": 1777408860000,
    "size": 0.06,
    "price": 570058.92246181,
    "side": "sell",
    "id": "stub.BTC-USD-1222362",
    "_id": "stub.BTC-USD-1222362",
    "selector": "stub.BTC-USD",
    "_natural": 145
  },
  {
    "trade_id": 1222361,
    "time": 1777408800000,
    "size": 0.05,
    "price": 570051.60386541,
    "side": "buy",
    "id": "stub.BTC-USD-1222361",
    "_id": "stub.BTC-USD-1222361",
    "selector": "stub.BTC-USD",
    "_natural": 146
  },
  {
    "trade_id": 1222360,
    "time": 1777408740000,
    "size": 0.09,
    "price": 570044.17645077,
    "side": "sell",
    "id": "stub.BTC-USD-1222360",
    "_id": "stub.BTC-USD-1222360",
    "selector": "stub.BTC-USD",
    "_natural": 147
  },
  {
    "trade_id": 1222359,
    "time": 1777408680000,
    "size": 0.08,
    "price": 570036.67828204,
    "side": "buy",
    "id": "stub.BTC-USD-1222359",
    "_id": "stub.BTC-USD-1222359",
    "selector": "stub.BTC-USD",
    "_natural": 148
  },
  {
    "trade_id": 1222358,
    "time": 1777408620000,
    "size": 0.07,
    "price": 570029.14797371,
    "side": "sell",
    "id": "stub.BTC-USD-1222358",
    "_id": "stub.BTC-USD-1222358",
    "selector": "stub.BTC-USD",
    "_natural": 149
  },
  {
    "trade_id": 1222357,
    "time": 1777408560000,
    "size": 0.06,
    "price": 570021.62449044,
    "side": "buy",
    "id": "stub.BTC-USD-1222357",
    "_id": "stub.BTC-USD-1222357",
    "selector": "stub.BTC-USD",
    "_natural": 150
  },
  {
    "trade_id": 1222356,
    "time": 1777408500000,
    "size": 0.05,
    "price": 570014.14694499,
    "side": "sell",
    "id": "stub.BTC-USD-1222356",
    "_id": "stub.BTC-USD-1222356",
    "selector": "stub.BTC-USD",
    "_natural": 151
  },
  {
    "trade_id": 1222355,
    "time": 1777408440000,
    "size": 0.09,
    "price": 570006.75439513,
    "side": "buy",
    "id": "stub.BTC-USD-1222355",
    "_id": "stub.BTC-USD-1222355",
    "selector": "stub.BTC-USD",
    "_natural": 152
  },
  {
    "trade_id": 1222354,
    "time": 1777408380000,
    "size": 0.08,
    "price": 569999.48564062,
    "side": "sell",
    "id": "stub.BTC-USD-1222354",
    "_id": "stub.BTC-USD-1222354",
    "selector": "stub.BTC-USD",
    "_natural": 153
  },
  {
    "trade_id": 1222353,
    "time": 1777408320000,
    "size": 0.07,
    "price": 569992.3790213,
    "side": "buy",
    "id": "stub.BTC-USD-1222353",
    "_id": "stub.BTC-USD-1222353",
    "selector": "stub.BTC-USD",
    "_natural": 154
  },
  {
    "trade_id": 1222352,
    "time": 1777408260000,
    "size": 0.06,
    "price": 569985.47221731,
    "side": "sell",
    "id": "stub.BTC-USD-1222352",
    "_id": "stub.BTC-USD-1222352",
    "selector": "stub.BTC-USD",
    "_natural": 155
  },
  {
    "trade_id": 1222351,
    "time": 1777408200000,
    "size": 0.05,
    "price": 569978.80205254,
    "side": "buy",
    "id": "stub.BTC-USD-1222351",
    "_id": "stub.BTC-USD-1222351",
    "selector": "stub.BTC-USD",
    "_natural": 156
  },
  {
    "trade_id": 1222350,
    "time": 1777408140000,
    "size": 0.09,
    "price": 569972.40430212,
    "side": "sell",
    "id": "stub.BTC-USD-1222350",
    "_id": "stub.BTC-USD-1222350",
    "selector": "stub.BTC-USD",
    "_natural": 157
  },
  {
    "trade_id": 1222349,
    "time": 1777408080000,
    "size": 0.08,
    "price": 569966.31350524,
    "side": "buy",
    "id": "stub.BTC-USD-1222349",
    "_id": "stub.BTC-USD-1222349",
    "selector": "stub.BTC-USD",
    "_natural": 158
  },
  {
    "trade_id": 1222348,
    "time": 1777408020000,
    "size": 0.07,
    "price": 569960.56278394,
    "side": "sell",
    "id": "stub.BTC-USD-1222348",
    "_id": "stub.BTC-USD-1222348",
    "selector": "stub.BTC-USD",
    "_natural": 159
  },
  {
    "trade_id": 1222347,
    "time": 1777407960000,
    "size": 0.06,
    "price": 569955.18366904,
    "side": "buy",
    "id": "stub.BTC-USD-1222347",
    "_id": "stub.BTC-USD-1222347",
    "selector": "stub.BTC-USD",
    "_natural": 160
  },
  {
    "trade_id": 1222346,
    "time": 1777407900000,
    "size": 0.05,
    "price": 569950.20593398,
    "side": "sell",
    "id": "stub.BTC-USD-1222346",
    "_id": "stub.BTC-USD-1222346",
    "selector": "stub.BTC-USD",
    "_natural": 161
  },
  {
    "trade_id": 1222345,
    "time": 1777407840000,
    "size": 0.09,
    "price": 569945.65743748,
    "side": "buy",
    "id": "stub.BTC-USD-1222345",
    "_id": "stub.BTC-USD-1222345",
    "selector": "stub.BTC-USD",
    "_natural": 162
  },
  {
    "trade_id": 1222344,
    "time": 1777407780000,
    "size": 0.08,
    "price": 569941.56397578,
    "side": "sell",
    "id": "stub.BTC-USD-1222344",
    "_id": "stub.BTC-USD-1222344",
    "selector": "stub.BTC-USD",
    "_natural": 163
  },
  {
    "trade_id": 1222343,
    "time": 1777407720000,
    "size": 0.07,
    "price": 569937.94914529,
    "side": "buy",
    "id": "stub.BTC-USD-1222343",
    "_id": "stub.BTC-USD-1222343",
    "selector": "stub.BTC-USD",
    "_natural": 164
  },
  {
    "trade_id": 1222342,
    "time": 1777407660000,
    "size": 0.06,
    "price": 569934.83421624,
    "side": "sell",
    "id": "stub.BTC-USD-1222342",
    "_id": "stub.BTC-USD-1222342",
    "selector": "stub.BTC-USD",
    "_natural": 165
  },
  {
    "trade_id": 1222341,
    "time": 1777407600000,
    "size": 0.05,
    "price": 569932.23801817,
    "side": "buy",
    "id": "stub.BTC-USD-1222341",
    "_id": "stub.BTC-USD-1222341",
    "selector": "stub.BTC-USD",
    "_natural": 166
  },
  {
    "trade_id": 1222340,
    "time": 1777407540000,
    "size": 0.09,
    "price": 569930.17683761,
    "side": "sell",
    "id": "stub.BTC-USD-1222340",
    "_id": "stub.BTC-USD-1222340",
    "selector": "stub.BTC-USD",
    "_natural": 167
  },
  {
    "trade_id": 1222339,
    "time": 1777407480000,
    "size": 0.08,
    "price": 569928.66432871,
    "side": "buy",
    "id": "stub.BTC-USD-1222339",
    "_id": "stub.BTC-USD-1222339",
    "selector": "stub.BTC-USD",
    "_natural": 168
  },
  {
    "trade_id": 1222338,
    "time": 1777407420000,
    "size": 0.07,
    "price": 569927.71143714,
    "side": "sell",
    "id": "stub.BTC-USD-1222338",
    "_id": "stub.BTC-USD-1222338",
    "selector": "stub.BTC-USD",
    "_natural": 169
  },
  {
    "trade_id": 1222337,
    "time": 1777407360000,
    "size": 0.06,
    "price": 569927.32633766,
    "side": "buy",
    "id": "stub.BTC-USD-1222337",
    "_id": "stub.BTC-USD-1222337",
    "selector": "stub.BTC-USD",
    "_natural": 170
  },
  {
    "trade_id": 1222336,
    "time": 1777407300000,
    "size": 0.05,
    "price": 569927.51438583,
    "side": "sell",
    "id": "stub.BTC-USD-1222336",
    "_id": "stub.BTC-USD-1222336",
    "selector": "stub.BTC-USD",
    "_natural": 171
  },
  {
    "trade_id": 1222335,
    "time": 1777407240000,
    "size": 0.09,
    "price": 569928.27808384,
    "side": "buy",
    "id": "stub.BTC-USD-1222335",
    "_id": "stub.BTC-USD-1222335",
    "selector": "stub.BTC-USD",
    "_natural": 172
  },
  {
    "trade_id": 1222334,
    "time": 1777407180000,
    "size": 0.08,
    "price": 569929.617061,
    "side": "sell",
    "id": "stub.BTC-USD-1222334",
    "_id": "stub.BTC-USD-1222334",
    "selector": "stub.BTC-USD",
    "_natural": 173
  },
  {
    "trade_id": 1222333,
    "time": 1777407120000,
    "size": 0.07,
    "price": 569931.52806865,
    "side": "buy",
    "id": "stub.BTC-USD-1222333",
    "_id": "stub.BTC-USD-1222333",
    "selector": "stub.BTC-USD",
    "_natural": 174
  },
  {
    "trade_id": 1222332,
    "time": 1777407060000,
    "size": 0.06,
    "price": 569934.00498977,
    "side": "sell",
    "id": "stub.BTC-USD-1222332",
    "_id": "stub.BTC-USD-1222332",
    "selector": "stub.BTC-USD",
    "_natural": 175
  },
  {
    "trade_id": 1222331,
    "time": 1777407000000,
    "size": 0.05,
    "price": 569937.03886313,
    "side": "buy",
    "id": "stub.BTC-USD-1222331",
    "_id": "stub.BTC-USD-1222331",
    "selector": "stub.BTC-USD",
    "_natural": 176
  },
  {
    "trade_id": 1222330,
    "time": 1777406940000,
    "size": 0.09,
    "price": 569940.61792189,
    "side": "sell",
    "id": "stub.BTC-USD-1222330",
    "_id": "stub.BTC-USD-1222330",
    "selector": "stub.BTC-USD",
    "_natural": 177
  },
  {
    "trade_id": 1222329,
    "time": 1777406880000,
    "size": 0.08,
    "price": 569944.72764647,
    "side": "buy",
    "id": "stub.BTC-USD-1222329",
    "_id": "stub.BTC-USD-1222329",
    "selector": "stub.BTC-USD",
    "_natural": 178
  },
  {
    "trade_id": 1222328,
    "time": 1777406820000,
    "size": 0.07,
    "price": 569949.35083147,
    "side": "sell",
    "id": "stub.BTC-USD-1222328",
    "_id": "stub.BTC-USD-1222328",
    "selector": "stub.BTC-USD",
    "_natural": 179
  },
  {
    "trade_id": 1222327,
    "time": 1777406760000,
    "size": 0.06,
    "price": 569954.46766615,
    "side": "buy",
    "id": "stub.BTC-USD-1222327",
    "_id": "stub.BTC-USD-1222327",
    "selector": "stub.BTC-USD",
    "_natural": 180
  },
  {
    "trade_id": 1222326,
    "time": 1777406700000,
    "size": 0.05,
    "price": 569960.05582835,
    "side": "sell",
    "id": "stub.BTC-USD-1222326",
    "_id": "stub.BTC-USD-1222326",
    "selector": "stub.BTC-USD",
    "_natural": 181
  },
  {
    "trade_id": 1222325,
    "time": 1777406640000,
    "size": 0.09,
    "price": 569966.09059102,
    "side": "buy",
    "id": "stub.BTC-USD-1222325",
    "_id": "stub.BTC-USD-1222325",
    "selector": "stub.BTC-USD",
    "_natural": 182
  },
  {
    "trade_id": 1222324,
    "time": 1777406580000,
    "size": 0.08,
    "price": 569972.54494119,
    "side": "sell",
    "id": "stub.BTC-USD-1222324",
    "_id": "stub.BTC-USD-1222324",
    "selector": "stub.BTC-USD",
    "_natural": 183
  },
  {
    "trade_id": 1222323,
    "time": 1777406520000,
    "size": 0.07,
    "price": 569979.38971047,
    "side": "buy",
    "id": "stub.BTC-USD-1222323",
    "_id": "stub.BTC-USD-1222323",
    "selector": "stub.BTC-USD",
    "_natural": 184
  },
  {
    "trade_id": 1222322,
    "time": 1777406460000,
    "size": 0.06,
    "price": 569986.59371668,
    "side": "sell",
    "id": "stub.BTC-USD-1222322",
    "_id": "stub.BTC-USD-1222322",
    "selector": "stub.BTC-USD",
    "_natural": 185
  },
  {
    "trade_id": 1222321,
    "time": 1777406400000,
    "size": 0.05,
    "price": 569994.12391564,
    "side": "buy",
    "id": "stub.BTC-USD-1222321",
    "_id": "stub.BTC-USD-1222321",
    "selector": "stub.BTC-USD",
    "_natural": 186
  },
  {
    "trade_id": 1222320,
    "time": 1777406340000,
    "size": 0.09,
    "price": 570001.94556265,
    "side": "sell",
    "id": "stub.BTC-USD-1222320",
    "_id": "stub.BTC-USD-1222320",
    "selector": "stub.BTC-USD",
    "_natural": 187
  },
  {
    "trade_id": 1222319,
    "time": 1777406280000,
    "size": 0.08,
    "price": 570010.02238257,
    "side": "buy",
    "id": "stub.BTC-USD-1222319",
    "_id": "stub.BTC-USD-1222319",
    "selector": "stub.BTC-USD",
    "_natural": 188
  },
  {
    "trade_id": 1222318,
    "time": 1777406220000,
    "size": 0.07,
    "price": 570018.31674775,
    "side": "sell",
    "id": "stub.BTC-USD-1222318",
    "_id": "stub.BTC-USD-1222318",
    "selector": "stub.BTC-USD",
    "_natural": 189
  },
  {
    "trade_id": 1222317,
    "time": 1777406160000,
    "size": 0.06,
    "price": 570026.78986305,
    "side": "buy",
    "id": "stub.BTC-USD-1222317",
    "_id": "stub.BTC-USD-1222317",
    "selector": "stub.BTC-USD",
    "_natural": 190
  },
  {
    "trade_id": 1222316,
    "time": 1777406100000,
    "size": 0.05,
    "price": 570035.40195672,
    "side": "sell",
    "id": "stub.BTC-USD-1222316",
    "_id": "stub.BTC-USD-1222316",
    "selector": "stub.BTC-USD",
    "_natural": 191
  },
  {
    "trade_id": 1222315,
    "time": 1777406040000,
    "size": 0.09,
    "price": 570044.11247645,
    "side": "buy",
    "id": "stub.BTC-USD-1222315",
    "_id": "stub.BTC-USD-1222315",
    "selector": "stub.BTC-USD",
    "_natural": 192
  },
  {
    "trade_id": 1222314,
    "time": 1777405980000,
    "size": 0.08,
    "price": 570052.88028944,
    "side": "sell",
    "id": "stub.BTC-USD-1222314",
    "_id": "stub.BTC-USD-1222314",
    "selector": "stub.BTC-USD",
    "_natural": 193
  },
  {
    "trade_id": 1222313,
    "time": 1777405920000,
    "size": 0.07,
    "price": 570061.66388551,
    "side": "buy",
    "id": "stub.BTC-USD-1222313",
    "_id": "stub.BTC-USD-1222313",
    "selector": "stub.BTC-USD",
    "_natural": 194
  },
  {
    "trade_id": 1222312,
    "time": 1777405860000,
    "size": 0.06,
    "price": 570070.42158231,
    "side": "sell",
    "id": "stub.BTC-USD-1222312",
    "_id": "stub.BTC-USD-1222312",
    "selector": "stub.BTC-USD",
    "_natural": 195
  },
  {
    "trade_id": 1222311,
    "time": 1777405800000,
    "size": 0.05,
    "price": 570079.11173141,
    "side": "buy",
    "id": "stub.BTC-USD-1222311",
    "_id": "stub.BTC-USD-1222311",
    "selector": "stub.BTC-USD",
    "_natural": 196
  },
  {
    "trade_id": 1222310,
    "time": 1777405740000,
    "size": 0.09,
    "price": 570087.69292441,
    "side": "sell",
    "id": "stub.BTC-USD-1222310",
    "_id": "stub.BTC-USD-1222310",
    "selector": "stub.BTC-USD",
    "_natural": 197
  },
  {
    "trade_id": 1222309,
    "time": 1777405680000,
    "size": 0.08,
    "price": 570096.12419795,
    "side": "buy",
    "id": "stub.BTC-USD-1222309",
    "_id": "stub.BTC-USD-1222309",
    "selector": "stub.BTC-USD",
    "_natural": 198
  },
  {
    "trade_id": 1222308,
    "time": 1777405620000,
    "size": 0.07,
    "price": 570104.36523653,
    "side": "sell",
    "id": "stub.BTC-USD-1222308",
    "_id": "stub.BTC-USD-1222308",
    "selector": "stub.BTC-USD",
    "_natural": 199
  },
  {
    "trade_id": 1222307,
    "time": 1777405560000,
    "size": 0.06,
    "price": 570112.3765722,
    "side": "buy",
    "id": "stub.BTC-USD-1222307",
    "_id": "stub.BTC-USD-1222307",
    "selector": "stub.BTC-USD",
    "_natural": 200
  },
  {
    "trade_id": 1222306,
    "time": 1777405500000,
    "size": 0.05,
    "price": 570120.11978008,
    "side": "sell",
    "id": "stub.BTC-USD-1222306",
    "_id": "stub.BTC-USD-1222306",
    "selector": "stub.BTC-USD",
    "_natural": 201
  },
  {
    "trade_id": 1222305,
    "time": 1777405440000,
    "size": 0.09,
    "price": 570127.55766871,
    "side": "buy",
    "id": "stub.BTC-USD-1222305",
    "_id": "stub.BTC-USD-1222305",
    "selector": "stub.BTC-USD",
    "_natural": 202
  },
  {
    "trade_id": 1222304,
    "time": 1777405380000,
    "size": 0.08,
    "price": 570134.65446424,
    "side": "sell",
    "id": "stub.BTC-USD-1222304",
    "_id": "stub.BTC-USD-1222304",
    "selector": "stub.BTC-USD",
    "_natural": 203
  },
  {
    "trade_id": 1222303,
    "time": 1777405320000,
    "size": 0.07,
    "price": 570141.37598758,
    "side": "buy",
    "id": "stub.BTC-USD-1222303",
    "_id": "stub.BTC-USD-1222303",
    "selector": "stub.BTC-USD",
    "_natural": 204
  },
  {
    "trade_id": 1222302,
    "time": 1777405260000,
    "size": 0.06,
    "price": 570147.68982361,
    "side": "sell",
    "id": "stub.BTC-USD-1222302",
    "_id": "stub.BTC-USD-1222302",
    "selector": "stub.BTC-USD",
    "_natural": 205
  },
  {
    "trade_id": 1222301,
    "time": 1777405200000,
    "size": 0.05,
    "price": 570153.5654815,
    "side": "buy",
    "id": "stub.BTC-USD-1222301",
    "_id": "stub.BTC-USD-1222301",
    "selector": "stub.BTC-USD",
    "_natural": 206
  },
  {
    "trade_id": 1222300,
    "time": 1777405140000,
    "size": 0.09,
    "price": 570158.97454552,
    "side": "sell",
    "id": "stub.BTC-USD-1222300",
    "_id": "stub.BTC-USD-1222300",
    "selector": "stub.BTC-USD",
    "_natural": 207
  },
  {
    "trade_id": 1222299,
    "time": 1777405080000,
    "size": 0.08,
    "price": 570163.89081531,
    "side": "buy",
    "id": "stub.BTC-USD-1222299",
    "_id": "stub.BTC-USD-1222299",
    "selector": "stub.BTC-USD",
    "_natural": 208
  },
  {
    "trade_id": 1222298,
    "time": 1777405020000,
    "size": 0.07,
    "price": 570168.29043518,
    "side": "sell",
    "id": "stub.BTC-USD-1222298",
    "_id": "stub.BTC-USD-1222298",
    "selector": "stub.BTC-USD",
    "_natural": 209
  },
  {
    "trade_id": 1222297,
    "time": 1777404960000,
    "size": 0.06,
    "price": 570172.15201157,
    "side": "buy",
    "id": "stub.BTC-USD-1222297",
    "_id": "stub.BTC-USD-1222297",
    "selector": "stub.BTC-USD",
    "_natural": 210
  },
  {
    "trade_id": 1222296,
    "time": 1777404900000,
    "size": 0.05,
    "price": 570175.45671819,
    "side": "sell",
    "id": "stub.BTC-USD-1222296",
    "_id": "stub.BTC-USD-1222296",
    "selector": "stub.BTC-USD",
    "_natural": 211
  },
  {
    "trade_id": 1222295,
    "time": 1777404840000,
    "size": 0.09,
    "price": 570178.18838826,
    "side": "buy",
    "id": "stub.BTC-USD-1222295",
    "_id": "stub.BTC-USD-1222295",
    "selector": "stub.BTC-USD",
    "_natural": 212
  },
  {
    "trade_id": 1222294,
    "time": 1777404780000,
    "size": 0.08,
    "price": 570180.33359344,
    "side": "sell",
    "id": "stub.BTC-USD-1222294",
    "_id": "stub.BTC-USD-1222294",
    "selector": "stub.BTC-USD",
    "_natural": 213
  },
  {
    "trade_id": 1222293,
    "time": 1777404720000,
    "size": 0.07,
    "price": 570181.88170898,
    "side": "buy",
    "id": "stub.BTC-USD-1222293",
    "_id": "stub.BTC-USD-1222293",
    "selector": "stub.BTC-USD",
    "_natural": 214
  },
  {
    "trade_id": 1222292,
    "time": 1777404660000,
    "size": 0.06,
    "price": 570182.82496475,
    "side": "sell",
    "id": "stub.BTC-USD-1222292",
    "_id": "stub.BTC-USD-1222292",
    "selector": "stub.BTC-USD",
    "_natural": 215
  },
  {
    "trade_id": 1222291,
    "time": 1777404600000,
    "size": 0.05,
    "price": 570183.15848208,
    "side": "buy",
    "id": "stub.BTC-USD-1222291",
    "_id": "stub.BTC-USD-1222291",
    "selector": "stub.BTC-USD",
    "_natural": 216
  },
  {
    "trade_id": 1222290,
    "time": 1777404540000,
    "size": 0.09,
    "price": 570182.88029592,
    "side": "sell",
    "id": "stub.BTC-USD-1222290",
    "_id": "stub.BTC-USD-1222290",
    "selector": "stub.BTC-USD",
    "_natural": 217
  },
  {
    "trade_id": 1222289,
    "time": 1777404480000,
    "size": 0.08,
    "price": 570181.99136248,
    "side": "buy",
    "id": "stub.BTC-USD-1222289",
    "_id": "stub.BTC-USD-1222289",
    "selector": "stub.BTC-USD",
    "_natural": 218
  },
  {
    "trade_id": 1222288,
    "time": 1777404420000,
    "size": 0.07,
    "price": 570180.49555215,
    "side": "sell",
    "id": "stub.BTC-USD-1222288",
    "_id": "stub.BTC-USD-1222288",
    "selector": "stub.BTC-USD",
    "_natural": 219
  },
  {
    "trade_id": 1222287,
    "time": 1777404360000,
    "size": 0.06,
    "price": 570178.39962787,
    "side": "buy",
    "id": "stub.BTC-USD-1222287",
    "_id": "stub.BTC-USD-1222287",
    "selector": "stub.BTC-USD",
    "_natural": 220
  },
  {
    "trade_id": 1222286,
    "time": 1777404300000,
    "size": 0.05,
    "price": 570175.71320888,
    "side": "sell",
    "id": "stub.BTC-USD-1222286",
    "_id": "stub.BTC-USD-1222286",
    "selector": "stub.BTC-USD",
    "_natural": 221
  },
  {
    "trade_id": 1222285,
    "time": 1777404240000,
    "size": 0.09,
    "price": 570172.44872024,
    "side": "buy",
    "id": "stub.BTC-USD-1222285",
    "_id": "stub.BTC-USD-1222285",
    "selector": "stub.BTC-USD",
    "_natural": 222
  },
  {
    "trade_id": 1222284,
    "time": 1777404180000,
    "size": 0.08,
    "price": 570168.62132826,
    "side": "sell",
    "id": "stub.BTC-USD-1222284",
    "_id": "stub.BTC-USD-1222284",
    "selector": "stub.BTC-USD",
    "_natural": 223
  },
  {
    "trade_id": 1222283,
    "time": 1777404120000,
    "size": 0.07,
    "price": 570164.24886216,
    "side": "buy",
    "id": "stub.BTC-USD-1222283",
    "_id": "stub.BTC-USD-1222283",
    "selector": "stub.BTC-USD",
    "_natural": 224
  },
  {
    "trade_id": 1222282,
    "time": 1777404060000,
    "size": 0.06,
    "price": 570159.35172244,
    "side": "sell",
    "id": "stub.BTC-USD-1222282",
    "_id": "stub.BTC-USD-1222282",
    "selector": "stub.BTC-USD",
    "_natural": 225
  },
  {
    "trade_id": 1222281,
    "time": 1777404000000,
    "size": 0.05,
    "price": 570153.95277637,
    "side": "buy",
    "id": "stub.BTC-USD-1222281",
    "_id": "stub.BTC-USD-1222281",
    "selector": "stub.BTC-USD",
    "_natural": 226
  },
  {
    "trade_id": 1222280,
    "time": 1777403940000,
    "size": 0.09,
    "price": 570148.07724114,
    "side": "sell",
    "id": "stub.BTC-USD-1222280",
    "_id": "stub.BTC-USD-1222280",
    "selector": "stub.BTC-USD",
    "_natural": 227
  },
  {
    "trade_id": 1222279,
    "time": 1777403880000,
    "size": 0.08,
    "price": 570141.7525553,
    "side": "buy",
    "id": "stub.BTC-USD-1222279",
    "_id": "stub.BTC-USD-1222279",
    "selector": "stub.BTC-USD",
    "_natural": 228
  },
  {
    "trade_id": 1222278,
    "time": 1777403820000,
    "size": 0.07,
    "price": 570135.00823906,
    "side": "sell",
    "id": "stub.BTC-USD-1222278",
    "_id": "stub.BTC-USD-1222278",
    "selector": "stub.BTC-USD",
    "_natural": 229
  },
  {
    "trade_id": 1222277,
    "time": 1777403760000,
    "size": 0.06,
    "price": 570127.8757443,
    "side": "buy",
    "id": "stub.BTC-USD-1222277",
    "_id": "stub.BTC-USD-1222277",
    "selector": "stub.BTC-USD",
    "_natural": 230
  },
  {
    "trade_id": 1222276,
    "time": 1777403700000,
    "size": 0.05,
    "price": 570120.38829495,
    "side": "sell",
    "id": "stub.BTC-USD-1222276",
    "_id": "stub.BTC-USD-1222276",
    "selector": "stub.BTC-USD",
    "_natural": 231
  },
  {
    "trade_id": 1222275,
    "time": 1777403640000,
    "size": 0.09,
    "price": 570112.58071852,
    "side": "buy",
    "id": "stub.BTC-USD-1222275",
    "_id": "stub.BTC-USD-1222275",
    "selector": "stub.BTC-USD",
    "_natural": 232
  },
  {
    "trade_id": 1222274,
    "time": 1777403580000,
    "size": 0.08,
    "price": 570104.4892698,
    "side": "sell",
    "id": "stub.BTC-USD-1222274",
    "_id": "stub.BTC-USD-1222274",
    "selector": "stub.BTC-USD",
    "_natural": 233
  },
  {
    "trade_id": 1222273,
    "time": 1777403520000,
    "size": 0.07,
    "price": 570096.15144743,
    "side": "buy",
    "id": "stub.BTC-USD-1222273",
    "_id": "stub.BTC-USD-1222273",
    "selector": "stub.BTC-USD",
    "_natural": 234
  },
  {
    "trade_id": 1222272,
    "time": 1777403460000,
    "size": 0.06,
    "price": 570087.60580446,
    "side": "sell",
    "id": "stub.BTC-USD-1222272",
    "_id": "stub.BTC-USD-1222272",
    "selector": "stub.BTC-USD",
    "_natural": 235
  },
  {
    "trade_id": 1222271,
    "time": 1777403400000,
    "size": 0.05,
    "price": 570078.89175368,
    "side": "buy",
    "id": "stub.BTC-USD-1222271",
    "_id": "stub.BTC-USD-1222271",
    "selector": "stub.BTC-USD",
    "_natural": 236
  },
  {
    "trade_id": 1222270,
    "time": 1777403340000,
    "size": 0.09,
    "price": 570070.04936886,
    "side": "sell",
    "id": "stub.BTC-USD-1222270",
    "_id": "stub.BTC-USD-1222270",
    "selector": "stub.BTC-USD",
    "_natural": 237
  },
  {
    "trade_id": 1222269,
    "time": 1777403280000,
    "size": 0.08,
    "price": 570061.11918285,
    "side": "buy",
    "id": "stub.BTC-USD-1222269",
    "_id": "stub.BTC-USD-1222269",
    "selector": "stub.BTC-USD",
    "_natural": 238
  },
  {
    "trade_id": 1222268,
    "time": 1777403220000,
    "size": 0.07,
    "price": 570052.14198357,
    "side": "sell",
    "id": "stub.BTC-USD-1222268",
    "_id": "stub.BTC-USD-1222268",
    "selector": "stub.BTC-USD",
    "_natural": 239
  },
  {
    "trade_id": 1222267,
    "time": 1777403160000,
    "size": 0.06,
    "price": 570043.1586089,
    "side": "buy",
    "id": "stub.BTC-USD-1222267",
    "_id": "stub.BTC-USD-1222267",
    "selector": "stub.BTC-USD",
    "_natural": 240
  },
  {
    "trade_id": 1222266,
    "time": 1777403100000,
    "size": 0.05,
    "price": 570034.20974157,
    "side": "sell",
    "id": "stub.BTC-USD-1222266",
    "_id": "stub.BTC-USD-1222266",
    "selector": "stub.BTC-USD",
    "_natural": 241
  },
  {
    "trade_id": 1222265,
    "time": 1777403040000,
    "size": 0.09,
    "price": 570025.33570509,
    "side": "buy",
    "id": "stub.BTC-USD-1222265",
    "_id": "stub.BTC-USD-1222265",
    "selector": "stub.BTC-USD",
    "_natural": 242
  },
  {
    "trade_id": 1222264,
    "time": 1777402980000,
    "size": 0.08,
    "price": 570016.57626161,
    "side": "sell",
    "id": "stub.BTC-USD-1222264",
    "_id": "stub.BTC-USD-1222264",
    "selector": "stub.BTC-USD",
    "_natural": 243
  },
  {
    "trade_id": 1222263,
    "time": 1777402920000,
    "size": 0.07,
    "price": 570007.97041306,
    "side": "buy",
    "id": "stub.BTC-USD-1222263",
    "_id": "stub.BTC-USD-1222263",
    "selector": "stub.BTC-USD",
    "_natural": 244
  },
  {
    "trade_id": 1222262,
    "time": 1777402860000,
    "size": 0.06,
    "price": 569999.55620614,
    "side": "sell",
    "id": "stub.BTC-USD-1222262",
    "_id": "stub.BTC-USD-1222262",
    "selector": "stub.BTC-USD",
    "_natural": 245
  },
  {
    "trade_id": 1222261,
    "time": 1777402800000,
    "size": 0.05,
    "price": 569991.3705426,
    "side": "buy",
    "id": "stub.BTC-USD-1222261",
    "_id": "stub.BTC-USD-1222261",
    "selector": "stub.BTC-USD",
    "_natural": 246
  },
  {
    "trade_id": 1222260,
    "time": 1777402740000,
    "size": 0.09,
    "price": 569983.44899539,
    "side": "sell",
    "id": "stub.BTC-USD-1222260",
    "_id": "stub.BTC-USD-1222260",
    "selector": "stub.BTC-USD",
    "_natural": 247
  },
  {
    "trade_id": 1222259,
    "time": 1777402680000,
    "size": 0.08,
    "price": 569975.82563191,
    "side": "buy",
    "id": "stub.BTC-USD-1222259",
    "_id": "stub.BTC-USD-1222259",
    "selector": "stub.BTC-USD",
    "_natural": 248
  },
  {
    "trade_id": 1222258,
    "time": 1777402620000,
    "size": 0.07,
    "price": 569968.53284503,
    "side": "sell",
    "id": "stub.BTC-USD-1222258",
    "_id": "stub.BTC-USD-1222258",
    "selector": "stub.BTC-USD",
    "_natural": 249
  },
  {
    "trade_id": 1222257,
    "time": 1777402560000,
    "size": 0.06,
    "price": 569961.60119288,
    "side": "buy",
    "id": "stub.BTC-USD-1222257",
    "_id": "stub.BTC-USD-1222257",
    "selector": "stub.BTC-USD",
    "_natural": 250
  },
  {
    "trade_id": 1222256,
    "time": 1777402500000,
    "size": 0.05,
    "price": 569955.05924819,
    "side": "sell",
    "id": "stub.BTC-USD-1222256",
    "_id": "stub.BTC-USD-1222256",
    "selector": "stub.BTC-USD",
    "_natural": 251
  },
  {
    "trade_id": 1222255,
    "time": 1777402440000,
    "size": 0.09,
    "price": 569948.93345788,
    "side": "buy",
    "id": "stub.BTC-USD-1222255",
    "_id": "stub.BTC-USD-1222255",
    "selector": "stub.BTC-USD",
    "_natural": 252
  },
  {
    "trade_id": 1222254,
    "time": 1777402380000,
    "size": 0.08,
    "price": 569943.24801369,
    "side": "sell",
    "id": "stub.BTC-USD-1222254",
    "_id": "stub.BTC-USD-1222254",
    "selector": "stub.BTC-USD",
    "_natural": 253
  },
  {
    "trade_id": 1222253,
    "time": 1777402320000,
    "size": 0.07,
    "price": 569938.02473443,
    "side": "buy",
    "id": "stub.BTC-USD-1222253",
    "_id": "stub.BTC-USD-1222253",
    "selector": "stub.BTC-USD",
    "_natural": 254
  },
  {
    "trade_id": 1222252,
    "time": 1777402260000,
    "size": 0.06,
    "price": 569933.28296056,
    "side": "sell",
    "id": "stub.BTC-USD-1222252",
    "_id": "stub.BTC-USD-1222252",
    "selector": "stub.BTC-USD",
    "_natural": 255
  },
  {
    "trade_id": 1222251,
    "time": 1777402200000,
    "size": 0.05,
    "price": 569929.03946146,
    "side": "buy",
    "id": "stub.BTC-USD-1222251",
    "_id": "stub.BTC-USD-1222251",
    "selector": "stub.BTC-USD",
    "_natural": 256
  },
  {
    "trade_id": 1222250,
    "time": 1777402140000,
    "size": 0.09,
    "price": 569925.30835601,
    "side": "sell",
    "id": "stub.BTC-USD-1222250",
    "_id": "stub.BTC-USD-1222250",
    "selector": "stub.BTC-USD",
    "_natural": 257
  },
  {
    "trade_id": 1222249,
    "time": 1777402080000,
    "size": 0.08,
    "price": 569922.10104681,
    "side": "buy",
    "id": "stub.BTC-USD-1222249",
    "_id": "stub.BTC-USD-1222249",
    "selector": "stub.BTC-USD",
    "_natural": 258
  },
  {
    "trade_id": 1222248,
    "time": 1777402020000,
    "size": 0.07,
    "price": 569919.42616834,
    "side": "sell",
    "id": "stub.BTC-USD-1222248",
    "_id": "stub.BTC-USD-1222248",
    "selector": "stub.BTC-USD",
    "_natural": 259
  },
  {
    "trade_id": 1222247,
    "time": 1777401960000,
    "size": 0.06,
    "price": 569917.28954943,
    "side": "buy",
    "id": "stub.BTC-USD-1222247",
    "_id": "stub.BTC-USD-1222247",
    "selector": "stub.BTC-USD",
    "_natural": 260
  },
  {
    "trade_id": 1222246,
    "time": 1777401900000,
    "size": 0.05,
    "price": 569915.69419001,
    "side": "sell",
    "id": "stub.BTC-USD-1222246",
    "_id": "stub.BTC-USD-1222246",
    "selector": "stub.BTC-USD",
    "_natural": 261
  },
  {
    "trade_id": 1222245,
    "time": 1777401840000,
    "size": 0.09,
    "price": 569914.64025256,
    "side": "buy",
    "id": "stub.BTC-USD-1222245",
    "_id": "stub.BTC-USD-1222245",
    "selector": "stub.BTC-USD",
    "_natural": 262
  },
  {
    "trade_id": 1222244,
    "time": 1777401780000,
    "size": 0.08,
    "price": 569914.12506796,
    "side": "sell",
    "id": "stub.BTC-USD-1222244",
    "_id": "stub.BTC-USD-1222244",
    "selector": "stub.BTC-USD",
    "_natural": 263
  },
  {
    "trade_id": 1222243,
    "time": 1777401720000,
    "size": 0.07,
    "price": 569914.14315601,
    "side": "buy",
    "id": "stub.BTC-USD-1222243",
    "_id": "stub.BTC-USD-1222243",
    "selector": "stub.BTC-USD",
    "_natural": 264
  },
  {
    "trade_id": 1222242,
    "time": 1777401660000,
    "size": 0.06,
    "price": 569914.68626021,
    "side": "sell",
    "id": "stub.BTC-USD-1222242",
    "_id": "stub.BTC-USD-1222242",
    "selector": "stub.BTC-USD",
    "_natural": 265
  },
  {
    "trade_id": 1222241,
    "time": 1777401600000,
    "size": 0.05,
    "price": 569915.7433969,
    "side": "buy",
    "id": "stub.BTC-USD-1222241",
    "_id": "stub.BTC-USD-1222241",
    "selector": "stub.BTC-USD",
    "_natural": 266
  },
  {
    "trade_id": 1222240,
    "time": 1777401540000,
    "size": 0.09,
    "price": 569917.3009183,
    "side": "sell",
    "id": "stub.BTC-USD-1222240",
    "_id": "stub.BTC-USD-1222240",
    "selector": "stub.BTC-USD",
    "_natural": 267
  },
  {
    "trade_id": 1222239,
    "time": 1777401480000,
    "size": 0.08,
    "price": 569919.3425892,
    "side": "buy",
    "id": "stub.BTC-USD-1222239",
    "_id": "stub.BTC-USD-1222239",
    "selector": "stub.BTC-USD",
    "_natural": 268
  },
  {
    "trade_id": 1222238,
    "time": 1777401420000,
    "size": 0.07,
    "price": 569921.84967688,
    "side": "sell",
    "id": "stub.BTC-USD-1222238",
    "_id": "stub.BTC-USD-1222238",
    "selector": "stub.BTC-USD",
    "_natural": 269
  },
  {
    "trade_id": 1222237,
    "time": 1777401360000,
    "size": 0.06,
    "price": 569924.8010538,
    "side": "buy",
    "id": "stub.BTC-USD-1222237",
    "_id": "stub.BTC-USD-1222237",
    "selector": "stub.BTC-USD",
    "_natural": 270
  },
  {
    "trade_id": 1222236,
    "time": 1777401300000,
    "size": 0.05,
    "price": 569928.17331258,
    "side": "sell",
    "id": "stub.BTC-USD-1222236",
    "_id": "stub.BTC-USD-1222236",
    "selector": "stub.BTC-USD",
    "_natural": 271
  },
  {
    "trade_id": 1222235,
    "time": 1777401240000,
    "size": 0.09,
    "price": 569931.94089253,
    "side": "buy",
    "id": "stub.BTC-USD-1222235",
    "_id": "stub.BTC-USD-1222235",
    "selector": "stub.BTC-USD",
    "_natural": 272
  },
  {
    "trade_id": 1222234,
    "time": 1777401180000,
    "size": 0.08,
    "price": 569936.07621724,
    "side": "sell",
    "id": "stub.BTC-USD-1222234",
    "_id": "stub.BTC-USD-1222234",
    "selector": "stub.BTC-USD",
    "_natural": 273
  },
  {
    "trade_id": 1222233,
    "time": 1777401120000,
    "size": 0.07,
    "price": 569940.54984243,
    "side": "buy",
    "id": "stub.BTC-USD-1222233",
    "_id": "stub.BTC-USD-1222233",
    "selector": "stub.BTC-USD",
    "_natural": 274
  },
  {
    "trade_id": 1222232,
    "time": 1777401060000,
    "size": 0.06,
    "price": 569945.33061334,
    "side": "sell",
    "id": "stub.BTC-USD-1222232",
    "_id": "stub.BTC-USD-1222232",
    "selector": "stub.BTC-USD",
    "_natural": 275
  },
  {
    "trade_id": 1222231,
    "time": 1777401000000,
    "size": 0.05,
    "price": 569950.38583076,
    "side": "buy",
    "id": "stub.BTC-USD-1222231",
    "_id": "stub.BTC-USD-1222231",
    "selector": "stub.BTC-USD",
    "_natural": 276
  },
  {
    "trade_id": 1222230,
    "time": 1777400940000,
    "size": 0.09,
    "price": 569955.68142498,
    "side": "sell",
    "id": "stub.BTC-USD-1222230",
    "_id": "stub.BTC-USD-1222230",
    "selector": "stub.BTC-USD",
    "_natural": 277
  },
  {
    "trade_id": 1222229,
    "time": 1777400880000,
    "size": 0.08,
    "price": 569961.18213664,
    "side": "buy",
    "id": "stub.BTC-USD-1222229",
    "_id": "stub.BTC-USD-1222229",
    "selector": "stub.BTC-USD",
    "_natural": 278
  },
  {
    "trade_id": 1222228,
    "time": 1777400820000,
    "size": 0.07,
    "price": 569966.85170369,
    "side": "sell",
    "id": "stub.BTC-USD-1222228",
    "_id": "stub.BTC-USD-1222228",
    "selector": "stub.BTC-USD",
    "_natural": 279
  },
  {
    "trade_id": 1222227,
    "time": 1777400760000,
    "size": 0.06,
    "price": 569972.65305328,
    "side": "buy",
    "id": "stub.BTC-USD-1222227",
    "_id": "stub.BTC-USD-1222227",
    "selector": "stub.BTC-USD",
    "_natural": 280
  },
  {
    "trade_id": 1222226,
    "time": 1777400700000,
    "size": 0.05,
    "price": 569978.54849786,
    "side": "sell",
    "id": "stub.BTC-USD-1222226",
    "_id": "stub.BTC-USD-1222226",
    "selector": "stub.BTC-USD",
    "_natural": 281
  },
  {
    "trade_id": 1222225,
    "time": 1777400640000,
    "size": 0.09,
    "price": 569984.49993424,
    "side": "buy",
    "id": "stub.BTC-USD-1222225",
    "_id": "stub.BTC-USD-1222225",
    "selector": "stub.BTC-USD",
    "_natural": 282
  },
  {
    "trade_id": 1222224,
    "time": 1777400580000,
    "size": 0.08,
    "price": 569990.46904476,
    "side": "sell",
    "id": "stub.BTC-USD-1222224",
    "_id": "stub.BTC-USD-1222224",
    "selector": "stub.BTC-USD",
    "_natural": 283
  },
  {
    "trade_id": 1222223,
    "time": 1777400520000,
    "size": 0.07,
    "price": 569996.41749946,
    "side": "buy",
    "id": "stub.BTC-USD-1222223",
    "_id": "stub.BTC-USD-1222223",
    "selector": "stub.BTC-USD",
    "_natural": 284
  },
  {
    "trade_id": 1222222,
    "time": 1777400460000,
    "size": 0.06,
    "price": 570002.30715818,
    "side": "sell",
    "id": "stub.BTC-USD-1222222",
    "_id": "stub.BTC-USD-1222222",
    "selector": "stub.BTC-USD",
    "_natural": 285
  },
  {
    "trade_id": 1222221,
    "time": 1777400400000,
    "size": 0.05,
    "price": 570008.10027163,
    "side": "buy",
    "id": "stub.BTC-USD-1222221",
    "_id": "stub.BTC-USD-1222221",
    "selector": "stub.BTC-USD",
    "_natural": 286
  },
  {
    "trade_id": 1222220,
    "time": 1777400340000,
    "size": 0.09,
    "price": 570013.75968036,
    "side": "sell",
    "id": "stub.BTC-USD-1222220",
    "_id": "stub.BTC-USD-1222220",
    "selector": "stub.BTC-USD",
    "_natural": 287
  },
  {
    "trade_id": 1222219,
    "time": 1777400280000,
    "size": 0.08,
    "price": 570019.24901059,
    "side": "buy",
    "id": "stub.BTC-USD-1222219",
    "_id": "stub.BTC-USD-1222219",
    "selector": "stub.BTC-USD",
    "_natural": 288
  },
  {
    "trade_id": 1222218,
    "time": 1777400220000,
    "size": 0.07,
    "price": 570024.53286589,
    "side": "sell",
    "id": "stub.BTC-USD-1222218",
    "_id": "stub.BTC-USD-1222218",
    "selector": "stub.BTC-USD",
    "_natural": 289
  },
  {
    "trade_id": 1222217,
    "time": 1777400160000,
    "size": 0.06,
    "price": 570029.5770138,
    "side": "buy",
    "id": "stub.BTC-USD-1222217",
    "_id": "stub.BTC-USD-1222217",
    "selector": "stub.BTC-USD",
    "_natural": 290
  },
  {
    "trade_id": 1222216,
    "time": 1777400100000,
    "size": 0.05,
    "price": 570034.34856634,
    "side": "sell",
    "id": "stub.BTC-USD-1222216",
    "_id": "stub.BTC-USD-1222216",
    "selector": "stub.BTC-USD",
    "_natural": 291
  },
  {
    "trade_id": 1222215,
    "time": 1777400040000,
    "size": 0.09,
    "price": 570038.8161535,
    "side": "buy",
    "id": "stub.BTC-USD-1222215",
    "_id": "stub.BTC-USD-1222215",
    "selector": "stub.BTC-USD",
    "_natural": 292
  },
  {
    "trade_id": 1222214,
    "time": 1777399980000,
    "size": 0.08,
    "price": 570042.95008889,
    "side": "sell",
    "id": "stub.BTC-USD-1222214",
    "_id": "stub.BTC-USD-1222214",
    "selector": "stub.BTC-USD",
    "_natural": 293
  },
  {
    "trade_id": 1222213,
    "time": 1777399920000,
    "size": 0.07,
    "price": 570046.72252657,
    "side": "buy",
    "id": "stub.BTC-USD-1222213",
    "_id": "stub.BTC-USD-1222213",
    "selector": "stub.BTC-USD",
    "_natural": 294
  },
  {
    "trade_id": 1222212,
    "time": 1777399860000,
    "size": 0.06,
    "price": 570050.10760845,
    "side": "sell",
    "id": "stub.BTC-USD-1222212",
    "_id": "stub.BTC-USD-1222212",
    "selector": "stub.BTC-USD",
    "_natural": 295
  },
  {
    "trade_id": 1222211,
    "time": 1777399800000,
    "size": 0.05,
    "price": 570053.08160121,
    "side": "buy",
    "id": "stub.BTC-USD-1222211",
    "_id": "stub.BTC-USD-1222211",
    "selector": "stub.BTC-USD",
    "_natural": 296
  },
  {
    "trade_id": 1222210,
    "time": 1777399740000,
    "size": 0.09,
    "price": 570055.62302238,
    "side": "sell",
    "id": "stub.BTC-USD-1222210",
    "_id": "stub.BTC-USD-1222210",
    "selector": "stub.BTC-USD",
    "_natural": 297
  },
  {
    "trade_id": 1222209,
    "time": 1777399680000,
    "size": 0.08,
    "price": 570057.71275462,
    "side": "buy",
    "id": "stub.BTC-USD-1222209",
    "_id": "stub.BTC-USD-1222209",
    "selector": "stub.BTC-USD",
    "_natural": 298
  },
  {
    "trade_id": 1222208,
    "time": 1777399620000,
    "size": 0.07,
    "price": 570059.33414786,
    "side": "sell",
    "id": "stub.BTC-USD-1222208",
    "_id": "stub.BTC-USD-1222208",
    "selector": "stub.BTC-USD",
    "_natural": 299
  },
  {
    "trade_id": 1222207,
    "time": 1777399560000,
    "size": 0.06,
    "price": 570060.47310856,
    "side": "buy",
    "id": "stub.BTC-USD-1222207",
    "_id": "stub.BTC-USD-1222207",
    "selector": "stub.BTC-USD",
    "_natural": 300
  },
  {
    "trade_id": 1222206,
    "time": 1777399500000,
    "size": 0.05,
    "price": 570061.11817581,
    "side": "sell",
    "id": "stub.BTC-USD-1222206",
    "_id": "stub.BTC-USD-1222206",
    "selector": "stub.BTC-USD",
    "_natural": 301
  },
  {
    "trade_id": 1222205,
    "time": 1777399440000,
    "size": 0.09,
    "price": 570061.26058378,
    "side": "buy",
    "id": "stub.BTC-USD-1222205",
    "_id": "stub.BTC-USD-1222205",
    "selector": "stub.BTC-USD",
    "_natural": 302
  },
  {
    "trade_id": 1222204,
    "time": 1777399380000,
    "size": 0.08,
    "price": 570060.89431018,
    "side": "sell",
    "id": "stub.BTC-USD-1222204",
    "_id": "stub.BTC-USD-1222204",
    "selector": "stub.BTC-USD",
    "_natural": 303
  },
  {
    "trade_id": 1222203,
    "time": 1777399320000,
    "size": 0.07,
    "price": 570060.01611054,
    "side": "buy",
    "id": "stub.BTC-USD-1222203",
    "_id": "stub.BTC-USD-1222203",
    "selector": "stub.BTC-USD",
    "_natural": 304
  },
  {
    "trade_id": 1222202,
    "time": 1777399260000,
    "size": 0.06,
    "price": 570058.62553814,
    "side": "sell",
    "id": "stub.BTC-USD-1222202",
    "_id": "stub.BTC-USD-1222202",
    "selector": "stub.BTC-USD",
    "_natural": 305
  },
  {
    "trade_id": 1222201,
    "time": 1777399200000,
    "size": 0.05,
    "price": 570056.72494938,
    "side": "buy",
    "id": "stub.BTC-USD-1222201",
    "_id": "stub.BTC-USD-1222201",
    "selector": "stub.BTC-USD",
    "_natural": 306
  },
  {
    "trade_id": 1222200,
    "time": 1777399140000,
    "size": 0.09,
    "price": 570054.3194947,
    "side": "sell",
    "id": "stub.BTC-USD-1222200",
    "_id": "stub.BTC-USD-1222200",
    "selector": "stub.BTC-USD",
    "_natural": 307
  },
  {
    "trade_id": 1222199,
    "time": 1777399080000,
    "size": 0.08,
    "price": 570051.41709493,
    "side": "buy",
    "id": "stub.BTC-USD-1222199",
    "_id": "stub.BTC-USD-1222199",
    "selector": "stub.BTC-USD",
    "_natural": 308
  },
  {
    "trade_id": 1222198,
    "time": 1777399020000,
    "size": 0.07,
    "price": 570048.02840341,
    "side": "sell",
    "id": "stub.BTC-USD-1222198",
    "_id": "stub.BTC-USD-1222198",
    "selector": "stub.BTC-USD",
    "_natural": 309
  },
  {
    "trade_id": 1222197,
    "time": 1777398960000,
    "size": 0.06,
    "price": 570044.16675379,
    "side": "buy",
    "id": "stub.BTC-USD-1222197",
    "_id": "stub.BTC-USD-1222197",
    "selector": "stub.BTC-USD",
    "_natural": 310
  },
  {
    "trade_id": 1222196,
    "time": 1777398900000,
    "size": 0.05,
    "price": 570039.84809404,
    "side": "sell",
    "id": "stub.BTC-USD-1222196",
    "_id": "stub.BTC-USD-1222196",
    "selector": "stub.BTC-USD",
    "_natural": 311
  },
  {
    "trade_id": 1222195,
    "time": 1777398840000,
    "size": 0.09,
    "price": 570035.09090682,
    "side": "buy",
    "id": "stub.BTC-USD-1222195",
    "_id": "stub.BTC-USD-1222195",
    "selector": "stub.BTC-USD",
    "_natural": 312
  },
  {
    "trade_id": 1222194,
    "time": 1777398780000,
    "size": 0.08,
    "price": 570029.91611674,
    "side": "sell",
    "id": "stub.BTC-USD-1222194",
    "_id": "stub.BTC-USD-1222194",
    "selector": "stub.BTC-USD",
    "_natural": 313
  },
  {
    "trade_id": 1222193,
    "time": 1777398720000,
    "size": 0.07,
    "price": 570024.34698482,
    "side": "buy",
    "id": "stub.BTC-USD-1222193",
    "_id": "stub.BTC-USD-1222193",
    "selector": "stub.BTC-USD",
    "_natural": 314
  },
  {
    "trade_id": 1222192,
    "time": 1777398660000,
    "size": 0.06,
    "price": 570018.40899094,
    "side": "sell",
    "id": "stub.BTC-USD-1222192",
    "_id": "stub.BTC-USD-1222192",
    "selector": "stub.BTC-USD",
    "_natural": 315
  },
  {
    "trade_id": 1222191,
    "time": 1777398600000,
    "size": 0.05,
    "price": 570012.12970454,
    "side": "buy",
    "id": "stub.BTC-USD-1222191",
    "_id": "stub.BTC-USD-1222191",
    "selector": "stub.BTC-USD",
    "_natural": 316
  },
  {
    "trade_id": 1222190,
    "time": 1777398540000,
    "size": 0.09,
    "price": 570005.53864462,
    "side": "sell",
    "id": "stub.BTC-USD-1222190",
    "_id": "stub.BTC-USD-1222190",
    "selector": "stub.BTC-USD",
    "_natural": 317
  },
  {
    "trade_id": 1222189,
    "time": 1777398480000,
    "size": 0.08,
    "price": 569998.66712937,
    "side": "buy",
    "id": "stub.BTC-USD-1222189",
    "_id": "stub.BTC-USD-1222189",
    "selector": "stub.BTC-USD",
    "_natural": 318
  },
  {
    "trade_id": 1222188,
    "time": 1777398420000,
    "size": 0.07,
    "price": 569991.5481165,
    "side": "sell",
    "id": "stub.BTC-USD-1222188",
    "_id": "stub.BTC-USD-1222188",
    "selector": "stub.BTC-USD",
    "_natural": 319
  },
  {
    "trade_id": 1222187,
    "time": 1777398360000,
    "size": 0.06,
    "price": 569984.21603486,
    "side": "buy",
    "id": "stub.BTC-USD-1222187",
    "_id": "stub.BTC-USD-1222187",
    "selector": "stub.BTC-USD",
    "_natural": 320
  },
  {
    "trade_id": 1222186,
    "time": 1777398300000,
    "size": 0.05,
    "price": 569976.70660843,
    "side": "sell",
    "id": "stub.BTC-USD-1222186",
    "_id": "stub.BTC-USD-1222186",
    "selector": "stub.BTC-USD",
    "_natural": 321
  },
  {
    "trade_id": 1222185,
    "time": 1777398240000,
    "size": 0.09,
    "price": 569969.05667331,
    "side": "buy",
    "id": "stub.BTC-USD-1222185",
    "_id": "stub.BTC-USD-1222185",
    "selector": "stub.BTC-USD",
    "_natural": 322
  },
  {
    "trade_id": 1222184,
    "time": 1777398180000,
    "size": 0.08,
    "price": 569961.30398895,
    "side": "sell",
    "id": "stub.BTC-USD-1222184",
    "_id": "stub.BTC-USD-1222184",
    "selector": "stub.BTC-USD",
    "_natural": 323
  },
  {
    "trade_id": 1222183,
    "time": 1777398120000,
    "size": 0.07,
    "price": 569953.48704428,
    "side": "buy",
    "id": "stub.BTC-USD-1222183",
    "_id": "stub.BTC-USD-1222183",
    "selector": "stub.BTC-USD",
    "_natural": 324
  },
  {
    "trade_id": 1222182,
    "time": 1777398060000,
    "size": 0.06,
    "price": 569945.64485995,
    "side": "sell",
    "id": "stub.BTC-USD-1222182",
    "_id": "stub.BTC-USD-1222182",
    "selector": "stub.BTC-USD",
    "_natural": 325
  },
  {
    "trade_id": 1222181,
    "time": 1777398000000,
    "size": 0.05,
    "price": 569937.81678765,
    "side": "buy",
    "id": "stub.BTC-USD-1222181",
    "_id": "stub.BTC-USD-1222181",
    "selector": "stub.BTC-USD",
    "_natural": 326
  },
  {
    "trade_id": 1222180,
    "time": 1777397940000,
    "size": 0.09,
    "price": 569930.0423074,
    "side": "sell",
    "id": "stub.BTC-USD-1222180",
    "_id": "stub.BTC-USD-1222180",
    "selector": "stub.BTC-USD",
    "_natural": 327
  },
  {
    "trade_id": 1222179,
    "time": 1777397880000,
    "size": 0.08,
    "price": 569922.36082404,
    "side": "buy",
    "id": "stub.BTC-USD-1222179",
    "_id": "stub.BTC-USD-1222179",
    "selector": "stub.BTC-USD",
    "_natural": 328
  },
  {
    "trade_id": 1222178,
    "time": 1777397820000,
    "size": 0.07,
    "price": 569914.81146381,
    "side": "sell",
    "id": "stub.BTC-USD-1222178",
    "_id": "stub.BTC-USD-1222178",
    "selector": "stub.BTC-USD",
    "_natural": 329
  },
  {
    "trade_id": 1222177,
    "time": 1777397760000,
    "size": 0.06,
    "price": 569907.43287218,
    "side": "buy",
    "id": "stub.BTC-USD-1222177",
    "_id": "stub.BTC-USD-1222177",
    "selector": "stub.BTC-USD",
    "_natural": 330
  },
  {
    "trade_id": 1222176,
    "time": 1777397700000,
    "size": 0.05,
    "price": 569900.26301379,
    "side": "sell",
    "id": "stub.BTC-USD-1222176",
    "_id": "stub.BTC-USD-1222176",
    "selector": "stub.BTC-USD",
    "_natural": 331
  },
  {
    "trade_id": 1222175,
    "time": 1777397640000,
    "size": 0.09,
    "price": 569893.33897579,
    "side": "buy",
    "id": "stub.BTC-USD-1222175",
    "_id": "stub.BTC-USD-1222175",
    "selector": "stub.BTC-USD",
    "_natural": 332
  },
  {
    "trade_id": 1222174,
    "time": 1777397580000,
    "size": 0.08,
    "price": 569886.6967753,
    "side": "sell",
    "id": "stub.BTC-USD-1222174",
    "_id": "stub.BTC-USD-1222174",
    "selector": "stub.BTC-USD",
    "_natural": 333
  },
  {
    "trade_id": 1222173,
    "time": 1777397520000,
    "size": 0.07,
    "price": 569880.37117216,
    "side": "buy",
    "id": "stub.BTC-USD-1222173",
    "_id": "stub.BTC-USD-1222173",
    "selector": "stub.BTC-USD",
    "_natural": 334
  },
  {
    "trade_id": 1222172,
    "time": 1777397460000,
    "size": 0.06,
    "price": 569874.39548791,
    "side": "sell",
    "id": "stub.BTC-USD-1222172",
    "_id": "stub.BTC-USD-1222172",
    "selector": "stub.BTC-USD",
    "_natural": 335
  },
  {
    "trade_id": 1222171,
    "time": 1777397400000,
    "size": 0.05,
    "price": 569868.80143184,
    "side": "buy",
    "id": "stub.BTC-USD-1222171",
    "_id": "stub.BTC-USD-1222171",
    "selector": "stub.BTC-USD",
    "_natural": 336
  },
  {
    "trade_id": 1222170,
    "time": 1777397340000,
    "size": 0.09,
    "price": 569863.61893508,
    "side": "sell",
    "id": "stub.BTC-USD-1222170",
    "_id": "stub.BTC-USD-1222170",
    "selector": "stub.BTC-USD",
    "_natural": 337
  },
  {
    "trade_id": 1222169,
    "time": 1777397280000,
    "size": 0.08,
    "price": 569858.87599358,
    "side": "buy",
    "id": "stub.BTC-USD-1222169",
    "_id": "stub.BTC-USD-1222169",
    "selector": "stub.BTC-USD",
    "_natural": 338
  },
  {
    "trade_id": 1222168,
    "time": 1777397220000,
    "size": 0.07,
    "price": 569854.59852071,
    "side": "sell",
    "id": "stub.BTC-USD-1222168",
    "_id": "stub.BTC-USD-1222168",
    "selector": "stub.BTC-USD",
    "_natural": 339
  },
  {
    "trade_id": 1222167,
    "time": 1777397160000,
    "size": 0.06,
    "price": 569850.81021036,
    "side": "buy",
    "id": "stub.BTC-USD-1222167",
    "_id": "stub.BTC-USD-1222167",
    "selector": "stub.BTC-USD",
    "_natural": 340
  },
  {
    "trade_id": 1222166,
    "time": 1777397100000,
    "size": 0.05,
    "price": 569847.53241111,
    "side": "sell",
    "id": "stub.BTC-USD-1222166",
    "_id": "stub.BTC-USD-1222166",
    "selector": "stub.BTC-USD",
    "_natural": 341
  },
  {
    "trade_id": 1222165,
    "time": 1777397040000,
    "size": 0.09,
    "price": 569844.78401225,
    "side": "buy",
    "id": "stub.BTC-USD-1222165",
    "_id": "stub.BTC-USD-1222165",
    "selector": "stub.BTC-USD",
    "_natural": 342
  },
  {
    "trade_id": 1222164,
    "time": 1777396980000,
    "size": 0.08,
    "price": 569842.58134211,
    "side": "sell",
    "id": "stub.BTC-USD-1222164",
    "_id": "stub.BTC-USD-1222164",
    "selector": "stub.BTC-USD",
    "_natural": 343
  },
  {
    "trade_id": 1222163,
    "time": 1777396920000,
    "size": 0.07,
    "price": 569840.9380793,
    "side": "buy",
    "id": "stub.BTC-USD-1222163",
    "_id": "stub.BTC-USD-1222163",
    "selector": "stub.BTC-USD",
    "_natural": 344
  },
  {
    "trade_id": 1222162,
    "time": 1777396860000,
    "size": 0.06,
    "price": 569839.86517735,
    "side": "sell",
    "id": "stub.BTC-USD-1222162",
    "_id": "stub.BTC-USD-1222162",
    "selector": "stub.BTC-USD",
    "_natural": 345
  },
  {
    "trade_id": 1222161,
    "time": 1777396800000,
    "size": 0.05,
    "price": 569839.37080303,
    "side": "buy",
    "id": "stub.BTC-USD-1222161",
    "_id": "stub.BTC-USD-1222161",
    "selector": "stub.BTC-USD",
    "_natural": 346
  },
  {
    "trade_id": 1222160,
    "time": 1777396740000,
    "size": 0.09,
    "price": 569839.46028879,
    "side": "sell",
    "id": "stub.BTC-USD-1222160",
    "_id": "stub.BTC-USD-1222160",
    "selector": "stub.BTC-USD",
    "_natural": 347
  },
  {
    "trade_id": 1222159,
    "time": 1777396680000,
    "size": 0.08,
    "price": 569840.13609948,
    "side": "buy",
    "id": "stub.BTC-USD-1222159",
    "_id": "stub.BTC-USD-1222159",
    "selector": "stub.BTC-USD",
    "_natural": 348
  },
  {
    "trade_id": 1222158,
    "time": 1777396620000,
    "size": 0.07,
    "price": 569841.39781357,
    "side": "sell",
    "id": "stub.BTC-USD-1222158",
    "_id": "stub.BTC-USD-1222158",
    "selector": "stub.BTC-USD",
    "_natural": 349
  },
  {
    "trade_id": 1222157,
    "time": 1777396560000,
    "size": 0.06,
    "price": 569843.24211899,
    "side": "buy",
    "id": "stub.BTC-USD-1222157",
    "_id": "stub.BTC-USD-1222157",
    "selector": "stub.BTC-USD",
    "_natural": 350
  },
  {
    "trade_id": 1222156,
    "time": 1777396500000,
    "size": 0.05,
    "price": 569845.6628236,
    "side": "sell",
    "id": "stub.BTC-USD-1222156",
    "_id": "stub.BTC-USD-1222156",
    "selector": "stub.BTC-USD",
    "_natural": 351
  },
  {
    "trade_id": 1222155,
    "time": 1777396440000,
    "size": 0.09,
    "price": 569848.65088015,
    "side": "buy",
    "id": "stub.BTC-USD-1222155",
    "_id": "stub.BTC-USD-1222155",
    "selector": "stub.BTC-USD",
    "_natural": 352
  },
  {
    "trade_id": 1222154,
    "time": 1777396380000,
    "size": 0.08,
    "price": 569852.19442587,
    "side": "sell",
    "id": "stub.BTC-USD-1222154",
    "_id": "stub.BTC-USD-1222154",
    "selector": "stub.BTC-USD",
    "_natural": 353
  },
  {
    "trade_id": 1222153,
    "time": 1777396320000,
    "size": 0.07,
    "price": 569856.27883612,
    "side": "buy",
    "id": "stub.BTC-USD-1222153",
    "_id": "stub.BTC-USD-1222153",
    "selector": "stub.BTC-USD",
    "_natural": 354
  },
  {
    "trade_id": 1222152,
    "time": 1777396260000,
    "size": 0.06,
    "price": 569860.88679224,
    "side": "sell",
    "id": "stub.BTC-USD-1222152",
    "_id": "stub.BTC-USD-1222152",
    "selector": "stub.BTC-USD",
    "_natural": 355
  },
  {
    "trade_id": 1222151,
    "time": 1777396200000,
    "size": 0.05,
    "price": 569865.9983629,
    "side": "buy",
    "id": "stub.BTC-USD-1222151",
    "_id": "stub.BTC-USD-1222151",
    "selector": "stub.BTC-USD",
    "_natural": 356
  },
  {
    "trade_id": 1222150,
    "time": 1777396140000,
    "size": 0.09,
    "price": 569871.59109883,
    "side": "sell",
    "id": "stub.BTC-USD-1222150",
    "_id": "stub.BTC-USD-1222150",
    "selector": "stub.BTC-USD",
    "_natural": 357
  },
  {
    "trade_id": 1222149,
    "time": 1777396080000,
    "size": 0.08,
    "price": 569877.64014023,
    "side": "buy",
    "id": "stub.BTC-USD-1222149",
    "_id": "stub.BTC-USD-1222149",
    "selector": "stub.BTC-USD",
    "_natural": 358
  },
  {
    "trade_id": 1222148,
    "time": 1777396020000,
    "size": 0.07,
    "price": 569884.11833649,
    "side": "sell",
    "id": "stub.BTC-USD-1222148",
    "_id": "stub.BTC-USD-1222148",
    "selector": "stub.BTC-USD",
    "_natural": 359
  },
  {
    "trade_id": 1222147,
    "time": 1777395960000,
    "size": 0.06,
    "price": 569890.99637756,
    "side": "buy",
    "id": "stub.BTC-USD-1222147",
    "_id": "stub.BTC-USD-1222147",
    "selector": "stub.BTC-USD",
    "_natural": 360
  },
  {
    "trade_id": 1222146,
    "time": 1777395900000,
    "size": 0.05,
    "price": 569898.24293619,
    "side": "sell",
    "id": "stub.BTC-USD-1222146",
    "_id": "stub.BTC-USD-1222146",
    "selector": "stub.BTC-USD",
    "_natural": 361
  },
  {
    "trade_id": 1222145,
    "time": 1777395840000,
    "size": 0.09,
    "price": 569905.82482058,
    "side": "buy",
    "id": "stub.BTC-USD-1222145",
    "_id": "stub.BTC-USD-1222145",
    "selector": "stub.BTC-USD",
    "_natural": 362
  },
  {
    "trade_id": 1222144,
    "time": 1777395780000,
    "size": 0.08,
    "price": 569913.70713643,
    "side": "sell",
    "id": "stub.BTC-USD-1222144",
    "_id": "stub.BTC-USD-1222144",
    "selector": "stub.BTC-USD",
    "_natural": 363
  },
  {
    "trade_id": 1222143,
    "time": 1777395720000,
    "size": 0.07,
    "price": 569921.85345766,
    "side": "buy",
    "id": "stub.BTC-USD-1222143",
    "_id": "stub.BTC-USD-1222143",
    "selector": "stub.BTC-USD",
    "_natural": 364
  },
  {
    "trade_id": 1222142,
    "time": 1777395660000,
    "size": 0.06,
    "price": 569930.22600498,
    "side": "sell",
    "id": "stub.BTC-USD-1222142",
    "_id": "stub.BTC-USD-1222142",
    "selector": "stub.BTC-USD",
    "_natural": 365
  },
  {
    "trade_id": 1222141,
    "time": 1777395600000,
    "size": 0.05,
    "price": 569938.78583136,
    "side": "buy",
    "id": "stub.BTC-USD-1222141",
    "_id": "stub.BTC-USD-1222141",
    "selector": "stub.BTC-USD",
    "_natural": 366
  },
  {
    "trade_id": 1222140,
    "time": 1777395540000,
    "size": 0.09,
    "price": 569947.49301346,
    "side": "sell",
    "id": "stub.BTC-USD-1222140",
    "_id": "stub.BTC-USD-1222140",
    "selector": "stub.BTC-USD",
    "_natural": 367
  },
  {
    "trade_id": 1222139,
    "time": 1777395480000,
    "size": 0.08,
    "price": 569956.30684806,
    "side": "buy",
    "id": "stub.BTC-USD-1222139",
    "_id": "stub.BTC-USD-1222139",
    "selector": "stub.BTC-USD",
    "_natural": 368
  },
  {
    "trade_id": 1222138,
    "time": 1777395420000,
    "size": 0.07,
    "price": 569965.18605253,
    "side": "sell",
    "id": "stub.BTC-USD-1222138",
    "_id": "stub.BTC-USD-1222138",
    "selector": "stub.BTC-USD",
    "_natural": 369
  },
  {
    "trade_id": 1222137,
    "time": 1777395360000,
    "size": 0.06,
    "price": 569974.08896825,
    "side": "buy",
    "id": "stub.BTC-USD-1222137",
    "_id": "stub.BTC-USD-1222137",
    "selector": "stub.BTC-USD",
    "_natural": 370
  },
  {
    "trade_id": 1222136,
    "time": 1777395300000,
    "size": 0.05,
    "price": 569982.97376608,
    "side": "sell",
    "id": "stub.BTC-USD-1222136",
    "_id": "stub.BTC-USD-1222136",
    "selector": "stub.BTC-USD",
    "_natural": 371
  },
  {
    "trade_id": 1222135,
    "time": 1777395240000,
    "size": 0.09,
    "price": 569991.79865262,
    "side": "buy",
    "id": "stub.BTC-USD-1222135",
    "_id": "stub.BTC-USD-1222135",
    "selector": "stub.BTC-USD",
    "_natural": 372
  },
  {
    "trade_id": 1222134,
    "time": 1777395180000,
    "size": 0.08,
    "price": 570000.52207652,
    "side": "sell",
    "id": "stub.BTC-USD-1222134",
    "_id": "stub.BTC-USD-1222134",
    "selector": "stub.BTC-USD",
    "_natural": 373
  },
  {
    "trade_id": 1222133,
    "time": 1777395120000,
    "size": 0.07,
    "price": 570009.10293352,
    "side": "buy",
    "id": "stub.BTC-USD-1222133",
    "_id": "stub.BTC-USD-1222133",
    "selector": "stub.BTC-USD",
    "_natural": 374
  },
  {
    "trade_id": 1222132,
    "time": 1777395060000,
    "size": 0.06,
    "price": 570017.50076931,
    "side": "sell",
    "id": "stub.BTC-USD-1222132",
    "_id": "stub.BTC-USD-1222132",
    "selector": "stub.BTC-USD",
    "_natural": 375
  },
  {
    "trade_id": 1222131,
    "time": 1777395000000,
    "size": 0.05,
    "price": 570025.6759792,
    "side": "buy",
    "id": "stub.BTC-USD-1222131",
    "_id": "stub.BTC-USD-1222131",
    "selector": "stub.BTC-USD",
    "_natural": 376
  },
  {
    "trade_id": 1222130,
    "time": 1777394940000,
    "size": 0.09,
    "price": 570033.59000353,
    "side": "sell",
    "id": "stub.BTC-USD-1222130",
    "_id": "stub.BTC-USD-1222130",
    "selector": "stub.BTC-USD",
    "_natural": 377
  },
  {
    "trade_id": 1222129,
    "time": 1777394880000,
    "size": 0.08,
    "price": 570041.20551788,
    "side": "buy",
    "id": "stub.BTC-USD-1222129",
    "_id": "stub.BTC-USD-1222129",
    "selector": "stub.BTC-USD",
    "_natural": 378
  },
  {
    "trade_id": 1222128,
    "time": 1777394820000,
    "size": 0.07,
    "price": 570048.48661705,
    "side": "sell",
    "id": "stub.BTC-USD-1222128",
    "_id": "stub.BTC-USD-1222128",
    "selector": "stub.BTC-USD",
    "_natural": 379
  },
  {
    "trade_id": 1222127,
    "time": 1777394760000,
    "size": 0.06,
    "price": 570055.398992,
    "side": "buy",
    "id": "stub.BTC-USD-1222127",
    "_id": "stub.BTC-USD-1222127",
    "selector": "stub.BTC-USD",
    "_natural": 380
  },
  {
    "trade_id": 1222126,
    "time": 1777394700000,
    "size": 0.05,
    "price": 570061.9100987,
    "side": "sell",
    "id": "stub.BTC-USD-1222126",
    "_id": "stub.BTC-USD-1222126",
    "selector": "stub.BTC-USD",
    "_natural": 381
  },
  {
    "trade_id": 1222125,
    "time": 1777394640000,
    "size": 0.09,
    "price": 570067.98931817,
    "side": "buy",
    "id": "stub.BTC-USD-1222125",
    "_id": "stub.BTC-USD-1222125",
    "selector": "stub.BTC-USD",
    "_natural": 382
  },
  {
    "trade_id": 1222124,
    "time": 1777394580000,
    "size": 0.08,
    "price": 570073.60810681,
    "side": "sell",
    "id": "stub.BTC-USD-1222124",
    "_id": "stub.BTC-USD-1222124",
    "selector": "stub.BTC-USD",
    "_natural": 383
  },
  {
    "trade_id": 1222123,
    "time": 1777394520000,
    "size": 0.07,
    "price": 570078.74013635,
    "side": "buy",
    "id": "stub.BTC-USD-1222123",
    "_id": "stub.BTC-USD-1222123",
    "selector": "stub.BTC-USD",
    "_natural": 384
  },
  {
    "trade_id": 1222122,
    "time": 1777394460000,
    "size": 0.06,
    "price": 570083.36142258,
    "side": "sell",
    "id": "stub.BTC-USD-1222122",
    "_id": "stub.BTC-USD-1222122",
    "selector": "stub.BTC-USD",
    "_natural": 385
  },
  {
    "trade_id": 1222121,
    "time": 1777394400000,
    "size": 0.05,
    "price": 570087.45044239,
    "side": "buy",
    "id": "stub.BTC-USD-1222121",
    "_id": "stub.BTC-USD-1222121",
    "selector": "stub.BTC-USD",
    "_natural": 386
  },
  {
    "trade_id": 1222120,
    "time": 1777394340000,
    "size": 0.09,
    "price": 570090.98823833,
    "side": "sell",
    "id": "stub.BTC-USD-1222120",
    "_id": "stub.BTC-USD-1222120",
    "selector": "stub.BTC-USD",
    "_natural": 387
  },
  {
    "trade_id": 1222119,
    "time": 1777394280000,
    "size": 0.08,
    "price": 570093.95851031,
    "side": "buy",
    "id": "stub.BTC-USD-1222119",
    "_id": "stub.BTC-USD-1222119",
    "selector": "stub.BTC-USD",
    "_natural": 388
  },
  {
    "trade_id": 1222118,
    "time": 1777394220000,
    "size": 0.07,
    "price": 570096.34769398,
    "side": "sell",
    "id": "stub.BTC-USD-1222118",
    "_id": "stub.BTC-USD-1222118",
    "selector": "stub.BTC-USD",
    "_natural": 389
  },
  {
    "trade_id": 1222117,
    "time": 1777394160000,
    "size": 0.06,
    "price": 570098.14502522,
    "side": "buy",
    "id": "stub.BTC-USD-1222117",
    "_id": "stub.BTC-USD-1222117",
    "selector": "stub.BTC-USD",
    "_natural": 390
  },
  {
    "trade_id": 1222116,
    "time": 1777394100000,
    "size": 0.05,
    "price": 570099.34259067,
    "side": "sell",
    "id": "stub.BTC-USD-1222116",
    "_id": "stub.BTC-USD-1222116",
    "selector": "stub.BTC-USD",
    "_natural": 391
  },
  {
    "trade_id": 1222115,
    "time": 1777394040000,
    "size": 0.09,
    "price": 570099.93536386,
    "side": "buy",
    "id": "stub.BTC-USD-1222115",
    "_id": "stub.BTC-USD-1222115",
    "selector": "stub.BTC-USD",
    "_natural": 392
  },
  {
    "trade_id": 1222114,
    "time": 1777393980000,
    "size": 0.08,
    "price": 570099.92122682,
    "side": "sell",
    "id": "stub.BTC-USD-1222114",
    "_id": "stub.BTC-USD-1222114",
    "selector": "stub.BTC-USD",
    "_natural": 393
  },
  {
    "trade_id": 1222113,
    "time": 1777393920000,
    "size": 0.07,
    "price": 570099.30097709,
    "side": "buy",
    "id": "stub.BTC-USD-1222113",
    "_id": "stub.BTC-USD-1222113",
    "selector": "stub.BTC-USD",
    "_natural": 394
  },
  {
    "trade_id": 1222112,
    "time": 1777393860000,
    "size": 0.06,
    "price": 570098.07832003,
    "side": "sell",
    "id": "stub.BTC-USD-1222112",
    "_id": "stub.BTC-USD-1222112",
    "selector": "stub.BTC-USD",
    "_natural": 395
  },
  {
    "trade_id": 1222111,
    "time": 1777393800000,
    "size": 0.05,
    "price": 570096.2598466,
    "side": "buy",
    "id": "stub.BTC-USD-1222111",
    "_id": "stub.BTC-USD-1222111",
    "selector": "stub.BTC-USD",
    "_natural": 396
  },
  {
    "trade_id": 1222110,
    "time": 1777393740000,
    "size": 0.09,
    "price": 570093.85499656,
    "side": "sell",
    "id": "stub.BTC-USD-1222110",
    "_id": "stub.BTC-USD-1222110",
    "selector": "stub.BTC-USD",
    "_natural": 397
  },
  {
    "trade_id": 1222109,
    "time": 1777393680000,
    "size": 0.08,
    "price": 570090.87600741,
    "side": "buy",
    "id": "stub.BTC-USD-1222109",
    "_id": "stub.BTC-USD-1222109",
    "selector": "stub.BTC-USD",
    "_natural": 398
  },
  {
    "trade_id": 1222108,
    "time": 1777393620000,
    "size": 0.07,
    "price": 570087.33784928,
    "side": "sell",
    "id": "stub.BTC-USD-1222108",
    "_id": "stub.BTC-USD-1222108",
    "selector": "stub.BTC-USD",
    "_natural": 399
  },
  {
    "trade_id": 1222107,
    "time": 1777393560000,
    "size": 0.06,
    "price": 570083.25814614,
    "side": "buy",
    "id": "stub.BTC-USD-1222107",
    "_id": "stub.BTC-USD-1222107",
    "selector": "stub.BTC-USD",
    "_natural": 400
  },
  {
    "trade_id": 1222106,
    "time": 1777393500000,
    "size": 0.05,
